2730 4746
156 233 180 297 6
201 264 205 269 ·
363 228 432 295 tn.
452 227 488 290 Α,
504 225 685 289 woaru
706 215 1072 292 PROIAEGOMENA

158 395 475 480 pondercorationsn.
486 407 650 478 exspectes,
671 397 848 478 batque-sa
861 397 931 469 aliis
940 397 1040 463 modis
1050 395 1155 473 multis
1168 397 1255 459 laba-
1300 431 1302 434 ⁴

7 479 10 485 ⁶
84 472 88 487 ι
116 491 211 547 89tur
230 483 270 563 ⁴).
313 481 407 559 Adde,
430 483 514 562 quod
534 483 901 563 primariioperisartifex
921 504 991 543 raro
1008 483 1155 543 imitatori
1172 484 1257 552 aliud

156 567 334 660 qpamvilia
352 568 496 647 quaedam
516 578 650 628 ramenta
662 569 821 651 relinquit,¹
836 579 867 629 et
890 565 950 655 quo
965 569 1092 653 quisque
1104 568 1256 629 sollertior

133 648 136 655 ‘
158 652 222 735 est,
235 672 270 712 eo
282 646 391 730 melius
412 651 478 735 ipse
493 656 621 727 summas
638 673 741 729 rerum
763 648 925 736 occupasse
937 654 1095 739 reperitur.
1136 654 1257 727 Ridebi-
1355 708 1360 717 .

157 746 210 799 tur
226 732 370 815 imitator,
393 737 421 795 si
432 738 551 813 casdem
571 758 620 798 res
633 736 790 817 sumserit,
813 748 849 799 ut
862 739 993 799 invenit:
1018 739 1137 798 auxerit
1156 759 1204 797 eas
1227 747 1257 797 et

157 844 252 907 nonas
274 821 434 902 addiderit,
454 823 509 883 rix
526 823 584 882 sibi
600 823 712 904 ubique
725 824 912 887 emendacio
931 824 1063 895 cavebitr
1085 823 1158 883 alias
1175 824 1257 882 fece-

155 908 201 981 rit
227 908 412 990 prorsusque
437 906 579 987 mutarit,
609 909 753 987 nirnirum
775 918 827 968 aut
848 908 955 968 inscita
984 910 1058 970 fecit
1076 908 1177 989 prior,
1205 915 1257 966 aut

63 1021 68 1030 ·
158 993 369 1054 secundarium
394 1012 473 1075 opus
490 993 584 1065 exibit
606 995 736 1075 exempli
758 994 999 1069 dissimillimum.
1050 993 1132 1068 Quid
1147 991 1256 1052 misero
1313 1021 1317 1027 ·

157 1078 310 1160 reliquum
330 1076 388 1137 erit
399 1086 525 1158 praeter
542 1072 641 1157 'artem
659 1078 810 1160 quandam
826 1079 933 1139 callide
947 1079 1091 1139 furandi?
1115 1078 1258 1159 Quapro-

83 1165 87 1171 ’
99 1174 106 1245 ᾗ
157 1152 227 1245 pter
238 1160 320 1225 subit
331 1162 445 1241 mirari,
461 1183 520 1243 qua
531 1163 648 1243 ratione
660 1164 741 1246 apud
753 1173 816 1224 tam
829 1165 1003 1247 multospcr
1016 1173 1064 1223 tot
1077 1172 1186 1223 aetates
1197 1162 1258 1221 hoe

58 1260 64 1265 '
157 1248 190 1306 in
198 1248 304 1319 'eadem
316 1248 412 1308 forma
424 1257 454 1325 et
466 1246 640 1328 argumento
656 1270 726 1309 cum
740 1249 872 1328 antiquis
883 1249 1052 1309 aemulandi
1062 1249 1195 1308 studium
1207 1247 1258 1307 vi-

158 1326 265 1415 guerit.
287 1331 439 1412 Siquidem
446 1332 512 1412 ip'sa
521 1333 678 1394 necessitas
694 1334 817 1395 eandem
829 1355 892 1395 rem
905 1333 971 1394 aliis
983 1343 1072 1414 atquc
1080 1334 1145 1393 eliis
1156 1331 1259 1393 verbis

116 1418 191 1499 toet'
204 1418 359 1491 sententiis
371 1417 545 1497 explicandi
562 1438 625 1476 non
640 1419 728 1496 erigit
741 1418 795 1478 illa
810 1418 900 1478 animi
914 1421 1005 1496 aises,
1027 1419 1088 1487 sed¹
1098 1418 1211 1511 mangi)
1228 1425 1259 1475 et

158 1500 305 1581 debilitat
347 1500 445 1582 Atque
459 1501 496 1560 in
512 1501 624 1581 artibus
637 1501 684 1579 iis,
699 1500 781 1583 'quae
801 1502 963 1584 praecipue
978 1524 1068 1564 sensu
1081 1502 1266 1585 pulchritus

154 1586 241 1662 dinis
257 1582 419 1664 reguntur,
440 1586 484 1645 ita
501 1587 630 1647 omnino
640 1582 749 1648 natura
764 1587 888 1650 videtur
903 1598 1110 1668 comparatum
1130 1607 1201 1662 esse,
1223 1595 1260 1645 ut

159 1670 214 1755 qui
226 1668 324 1753 'plinii
338 1671 377 1729 ad
392 1676 441 1731 eas
456 1671 610 1751 ingenium
629 1671 836 1755 applicarunt,
857 1672 883 1731 si
898 1674 989 1732 modo
1011 1674 1048 1731 ab
1064 1673 1138 1755 ipsis
1153 1671 1258 1732 electio

159 1756 345 1837 optimorum
363 1752 448 1815 sacta*
467 1766 528 1834 est,
557 1777 640 1838 spem
662 1756 773 1836 gloriae
795 1778 833 1818 ex
857 1757 961 1821 eodem
980 1762 1094 1835 genere'
1113 1755 1260 1838 petendae

120 1872 122 1879 ·
158 1841 315 1918 secuturis,
336 1838 583 1921 “quamvisaeque
602 1842 773 1921 ingeniosis,
795 1842 938 1902 facillime
949 1843 1133 1922 praecidant.
1176 1841 1283 1901 Adeo·-

158 1926 208 1987 illi
220 1926 318 1987 -classi
335 1925 541 2005 antiquiorum
558 1947 647 1987 suam
669 1927 825 2008 placendi
840 1937 951 1987 sortem
970 1947 1119 2007 suumque
1140 1926 1258 2008 princi-

87 2087 89 2091 ,
159 2021 263 2092 patum
279 2011 421 2088 obtigisse
435 2011 518 2072 dicas
529 2033 593 2072 non
606 2034 644 2073 ex
659 2013 722 2081 sola
734 2013 918 2094 praestantia
935 2012 1134 2093 ingeniorum,
1152 2011 1208 2074 sed
1221 2030 1261 2071 ex

160 2095 724 2180 quadtmetiamsortuna-temporum.
1126 2132 1129 2137 ·

201 2216 227 2309 ’λ
246 2221 329 2307 Haec
347 2229 425 2290 mihi
437 2230 472 2291 in
487 2236 619 2311 'mentem
639 2234 804 2313 venerunt,
832 2233 1067 2314 quotiescunque
1086 2233 1261 2314 Leptineam

160 2312 305 2377 Aristidis
322 2315 466 2394 relegens,
487 2318 639 2398 quomodo
657 2318 701 2378 ibi
716 2339 852 2400 quaeque
865 2328 994 2389 tractata
1005 2328 1119 2396 essent,
1140 2324 1260 2399 spectt-

161 2400 239 2461 bam.
291 2400 383 2460 Cuius
402 2400 555 2462 Orationis
584 2398 644 2462 iain
668 2404 703 2465 in
720 2405 856 2485 plurium
882 2425 989 2465 manus
1009 2413 1156 2465 venturae
1181 2400 1262 2476 lianc

161 2485 325 2544 utilitatem
338 2506 430 2544 unam
445 2489 638 2569 praecipuam
651 2480 763 2567 iudico,
781 2488 872 2569 quod,
895 2509 990 2567 quum
1010 2480 1097 2549 istius
1110 2489 1262 2547 declama-

162 2571 258 2654 toriae
280 2569 446 2651 scripturae
465 2593 619 2655 perpauca
641 2574 680 2634 ad
704 2593 760 2632 nos
782 2572 946 2654 specimina
966 2573 1176 2653 pervenerint,
1205 2591 1263 2630 nec

70 2670 90 2706 κ
162 2654 261 2731 ullum
275 2653 335 2737 lroc
351 2650 418 2735 ipso
436 2666 533 2716 exstet
549 2656 705 2738 insignius,
728 2657 878 2717 eius⁴cum
890 2658 1090 2739 Demosthene
1104 2677 1263 2736 compara·
1356 2667 1360 2674 '

130 2787 135 2793 .
151 2739 209 2827 'tio
221 2739 442 2815 evidentissime
458 2741 556 2820 docet,
581 2763 670 2823 quarn
680 2736 792 2801 'infelix
805 2742 864 2801 ista
878 2741 1006 2817 imitatio
1024 2742 1074 2819 sit,
1096 2732 1263 2823 quibu‘sque

164 2820 246 2884 nolis
262 2824 354 2884 dictio
369 2827 440 2886 suco
455 2837 486 2886 et
501 2827 660 2908 pigmentis
674 2820 767 2886 oblita
782 2824 930 2908 discrepet
942 2818 959 2887 a
971 2828 1102 2887 naturali
1117 2836 1146 2886 ct
1157 2826 1263 2885 incor-

164 2919 258 2991 rupto
281 2911 382 2970 colore
407 2913 523 2972 veteris
542 2922 573 2971 et
598 2933 685 2973 verae
706 2912 904 2992 eloquentiae.
952 2912 1071 2971 Etenim
1096 2932 1185 2990 quam
1208 2929 1263 2988 per

166 2995 267 3054 onmia
285 2987 439 3057 'diversum
460 2997 565 3077 abillo
582 2974 781 3056 declamatore
805 2997 843 3056 de
861 2996 935 3055 ludo
954 3007 1041 3054 sonat
1058 2997 1168 3055 Orator
1181 2992 1263 3051 Atti-

166 3080 235 3139 cus!
259 3076 324 3138 'Est
348 3090 448 3140 autem
471 3076 733 3164 Leptinea‘huius
758 3101 926 3161 exgenere
950 3081 1115 3160 quietiore,
1143 3088 1208 3137 tota
1231 3076 1264 3135 in

125 3167 158 3225 41
168 3164 303 3224 docendo
318 3165 412 3244 magis
427 3187 517 3247 quam
530 3167 563 3226 in
577 3167 780 3257 permovendo
800 3166 938 3225 auditore
951 3175 1109 3243 occupata,
1131 3168 1264 3222 nec'eam
1298 3239 1301 3247 ,

166 3248 230 3310 vim
238 3259 268 3308 et
274 3250 472 3328 granditatem
482 3251 594 3312 habens
602 3253 764 3312 verborum
778 3250 812 3310 a'c
825 3249 1047 3322 sententiarum,
1057 3268 1147 3324 quam
1154 3249 1185 3305 in
1192 3247 1272 3304 Phi:
1313 3262 1318 3270 ·

26 3412 31 3426 Ι
166 3334 288 3414 lippicis
307 3334 432 3414 aliisque
448 3338 604 3397 nonnullis
621 3338 819 3410 admiramur,
841 3331 922 3393 unde
940 3333 1003 3391 sere
1020 3332 1264 3392 Demosthenicus

188 3621 235 3692 ’4)
254 3625 326 3677 Haec
350 3596 378 3676 e‘t
392 3622 527 3678 alia'vitia
547 3621 658 3690 singulis
674 3619 801 3688 exemplis
820 3619 1026 3673 Declamationis
1047 3609 1159 3673 nostrae
1175 3620 1260 3672 deela-
1300 3676 1304 3682 ,

110 3686 118 3695 ’
237 3694 292 3746 rari
311 3705 429 3761 possent,
447 3694 471 3746 si
481 3694 509 3744 id
522 3710 589 3760 opus
602 3699 681 3743 esset.
716 3689 806 3741 Facile
823 3689 893 3742 eninr
905 3690 1104 3754 animadvertet,
1122 3691 1168 3758 qui
1185 3690 1266 3757 leget.

238 3764 367 3815 Attendat
384 3763 448 3815 mihi
466 3779 515 3830 pro
532 3760 698 3829 aequisque,
737 3776 795 3810 uam
808 3757 940 3826 aspersis
955 3777 1057 3812 sanum
1074 3759 1267 3826 Leptineaga-
1340 3797 1353 3817 χ

238 3842 307 3897 tur,¹
321 3850 400 3900 quem
417 3842 471 3885 tam
495 3831 606 3882 comiter
626 3828 708 3881 habet
751 3828 933 3890 emostheucs·,
959 3837 1085 3897 quautam
1101 3826 1268 3878 incommoda

239 3901 308 3968 legis
327 3903 397 3953 ultra
417 3900 632 3969 probabilitatem
650 3897 786 3965 pinguiter
804 3913 837 3949 aa
856 3906 973 3961 eantur3‘
996 3915 1074 3964 quam
1096 3896 1188 3962 inepta
1206 3895 1267 3946 loco

242 3979 347 4025 vetusta
365 3980 394 4022 et
409 3969 525 4037 mythice
544 3976 715 4031 exornentur,
740 3976 770 4017 at
790 3963 817 4030 §.
872 4001 878 4014 .
901 3962 944 4018 64.
967 3965 1027 4027 923
1061 3981 1139 4031 qaam
1159 3963 1268 4031 puerilis

242 4040 315 4093 lusus
334 4040 370 4091 sit
385 4039 413 4091 in
434 4037 521 4093 verbis
537 4036 632 4088 iisdem
645 4035 810 4102 repetendis,
828 4033 930 4086 scilicet
948 4033 1076 4093 acuminis
1091 4032 1268 4100 etgravitatis

244 4126 347 4173 caussa,
372 4119 404 4161 nt
422 4104 448 4172 5.
466 4107 491 4159 2.
511 4106 551 4158 10.
570 4106 622 4167 11,
645 4104 693 4154 ubi
708 4113 800 4156 auctor
819 4102 899 4170 etiam
919 4102 1066 4166 subtilitate
1086 4101 1192 4152 videtur
1210 4118 1269 4152 cum

243 4177 369 4243 magistro
386 4177 546 4230 contendere
560 4173 685 4225 voluisse.
718 4171 770 4233 Sed
788 4189 818 4223 sa
832 4189 873 4233 ars
892 4172 932 4223 illi
943 4173 1002 4223 fert
1016 4171 1044 4223 in
1061 4169 1150 4236 spinas
1163 4180 1192 4221 et
1207 4187 1269 4220 ara-

243 4262 319 4297 neam
336 4244 401 4365 apis.
436 4251 458 4296 a
476 4244 525 4297 tali
541 4241 689 4297 subtilitate
708 4241 831 4310 protecto
850 4240 971 4311 Leptinis
990 4239 1045 4308 legi
1069 4238 1138 4293 nibil
1158 4239 1270 4308 periculi

242 4324 347 4366 metues
368 4315 497 4367 maluit.-
598 4352 602 4359 -
769 4328 787 4365 .‘
1227 4346 1231 4351 -
