2730 4746
154 231 225 321 se·
345 224 1039 327 sna.uosrrrseosscopsna
1142 199 1148 210 ’

64 394 71 403 '
133 435 136 441 -
156 395 236 475 quod
260 394 366 457 damno
387 397 515 457 levando
531 404 616 470 esset,
636 395 808 459 trierarchis
823 396 934 455 licebat
951 395 1134 465 immunibus
1153 419 1249 461 essee

112 789 147 877 89

112 1618 148 1670 90

115 2293 146 2347 91

80 534 83 540 .
100 508 102 514 s
154 481 249 560 priori
266 501 371 557 genere
380 490 523 555 staturum
538 481 738 555 ¹functionum.
760 477 899 559 Εἰςφοροῖ
912 482 1090 545 autem'crar
1102 487 1248 561 omnium,

148 565 217 626 nisi.
230 565 282 642 qui
298 566 331 623 in
346 575 419 624 nota
430 567 596 640 testataque
608 565 712 644 inopia
729 565 826 630 vitam
840 565 981 642 degerent
995 558 1047 646 ⁶¹).
1071 567 1135 626 Iam
1147 571 1249 649 expli·

156 658 220 707 cate
234 649 397 709 dicendum
412 650 448 708 de
462 649 594 725 singulis.

237 766 283 823 Ac
302 767 432 846 primum
457 778 567 825 nomen
587 771 720 848 χορηγοῦ
736 775 769 824 ‘et
798 764 870 823 inde'
889 760 981 823 ductu
1003 766 1120 823 solenni
1139 767 1249 826 Atticis

153 868 242 927 sensu
262 853 387 931 propria
407 860 478 910 sunt
497 851 534 908 de
552 870 601 925 eo,
633 851 686 933 qui
701 873 718 907 a
732 849 816 908 tribu
833 869 884 906 sua
899 849 997 919 editus
1013 852 1142 908 sumtum
1157 870 1250 930 prae-

107 938 114 947 ’
138 934 245 1017 ’δοβοο
258 936 356 994 choris
371 928 554 993 instruendis
571 933 794 993 et'adornandi'e
813 928 868 1012 ⁶²).
910 934 968 991 iles
984 934 1016 990 in
1031 935 1160 1012 speciem
1173 934 1249 994 levis

153 1027 207 1094 est,
229 1028 259 1076 at
273 1038 394 1097 magne,
418 1020 442 1077 si
461 1040 524 1100 earu
539 1038 579 1077 ex
598 1018 747 1103 institutis
770 1016 951 1075 Graecorum
969 1026 1092 1096 spectes.
1135 1019 1249 1077 Notum

153 1112 199 1162 cst
216 1105 295 1165 enim
309 1103 523 1179 Athenienses,
547 1103 653 1181 quibus
669 1103 754 1162 nulla
775 1120 907 1178 unquam
928 1120 998 1179 gons
1020 1101 1132 1179 gratius
1150 1103 1264 1161 felici--

153 1206 248 1266 usque
275 1188 394 1247 virilem
425 1188 601 1266 gravitatem
634 1200 702 1268 cum
724 1186 867 1244 ludorum
893 1185 1076 1244 iuvenilium
1097 1185 1249 1251 hilaritate
1350 1248 1354 1254 ,

90 1296 99 1311 ·
154 1271 320 1348 coniunxit,
341 1270 397 1351 p'cr
415 1286 504 1330 omne
517 1270 799 1351 florentis'reipubl.
817 1277 935 1347 tempus
951 1288 1055 1328 scenae
1068 1270 1248 1348 spectaculis
1275 1334 1289 1345 ‚y

153 1355 435 1436 etmugnifieentiae
443 1357 534 1414 fuisse
549 1355 676 1431 deditos,
698 1375 733 1412 ac
749 1362 846 1411 tantas
859 1352 893 1409 in
909 1353 984 1411 haee
997 1354 1145 1433 impensas
1158 1356 1248 1413 fecis·

153 1461 193 1514 se,
216 1460 291 1517 quae
306 1460 391 1519 saepe
405 1439 493 1497 etiam
514 1440 660 1497 aerarium
679 1448 709 1496 et
730 1438 917 1516 privatorum
927 1439 1088 1497 facultates
1099 1437 1249 1498 exhauri-

152 1520 287 1604 rent⁶³).
332 1525 391 1583 Sed
404 1523 468 1597 reb,
491 1543 529 1582 ex
545 1523 652 1603 primis
667 1522 813 1580 aetatibus
829 1521 936 1601 populi
954 1523 1059 1598 ducta,
1082 1533 1199 1587 servata
1214 1544 1249 1582 eo
1287 1597 1295 1607 ⁴
1352 1576 1354 1583 .

156 1607 338 1666 constantius
349 1617 384 1666 'et
396 1607 557 1665 studiosius
573 1615 634 1680 est,
655 1604 743 1683 quod
753 1604 1082 1684 partem-religionum
1096 1607 1250 1669 continere

153 1693 324 1771 putabatur.
365 1693 500 1755 Fuerunt
515 1700 614 1748 autem
637 1689 721 1748 chori
743 1689 820 1747 varii
840 1689 964 1766 generis.
1005 1688 1178 1766 Agebantur
1198 1692 1250 1750 alii

100 1768 102 1779 '
154 1777 187 1834 in
200 1776 328 1857 theatro,
342 1776 503 1835 coniuncte
516 1794 586 1833 cum
598 1773 704 1832 fabulis
715 1771 852 1846 scenicis,
867 1775 925 1850 quo
939 1772 977 1829 in.
986 1791 1091 1849 genere
1106 1776 1249 1855 frequen-

153 1869 201 1919 ter
215 1860 330 1938 'legitur
343 1864 480 1943 χορηγεῖν
505 1860 673 1942 τροιγςοδοῖςΙ
688 1859 739 1916 vel
763 1857 925 1937 supudoig'
936 1851 1001 1942 ⁶⁴).
1032 1857 1094 1937 Alii
1108 1859 1158 1918 ad'
1169 1861 1247 1937 eius-

155 1944 239 2003 modi
253 1945 424 2023 spectacula
444 1940 635 2023 pertinebant¹
655 1940 684 2000 e't
706 1942 745 2001 ad
759 1961 807 1999 eos
825 1918 886 2018 dies
899 1940 1007 2014 festos,
1029 1940 1062 1999 in
1078 1942 1186 2021 quibus
1201 1945 1247 2001 fa·
1290 2002 1292 2008 .

154 2028 241 2087 badae
255 2050 318 2087 non
332 2030 484 2102 darentur,
507 2047 598 2104 quum
615 2024 891 2085 choris'certaretur
902 2018 1069 2105 ἅνδριιιοῖς,
1089 2031 1249 2103 παιδικοῖς,

154 2113 370 2192 πυρριχιστῶν,
392 2107 516 2189 reliquis
533 2106 584 2188 ες).
618 2109 687 2166 lam
708 2127 780 2168 vero
804 2109 838 2166 in
859 2107 907 2165 his
925 2108 1064 2167 omnibus
1088 2128 1173 2184 eum,
1197 2113 1248 2188 qui

154 2196 254 2279 partes
278 2195 399 2273 choragi
419 2201 589 2274 receperat,
611 2193 709 2273 primo
734 2192 802 2250 loco
826 2192 982 2271 oportebat
1004 2184 1250 2272 deligere,<quos

154 2280 321 2361 producere
334 2281 367 2344 iu
383 2300 500 2369 scenam
515 2278 615 2354 uellet,
635 2285 666 2336 et
681 2296 729 2337 ecs
743 2297 800 2364 per
816 2276 969 2352 artificem,
992 2294 1080 2377 quem
1094 2270 1248 2361 γοροᾷιδά.

154 2458 361 2475 ...ι-...η
383 2461 385 2465 ’

157 2563 234 2627 „fill
251 2565 313 2617 Vid.
328 2570 401 2619 Orat.
413 2583 441 2633 p.
455 2561 515 2618 465.
640 2610 644 2615 ,
825 2597 844 2633 ·.
1023 2628 1026 2633 Ι
1094 2607 1101 2620 .
1344 2604 1348 2613 .

187 2631 234 2692 62)
252 2633 429 2685 Usitatissima
447 2632 515 2682 haec
529 2630 607 2685 notio
626 2637 667 2683 est
686 2628 825 2687 verborum
847 2626 980 2698 χορηγός,
1007 2625 1134 2698 χορηγία,
1165 2647 1247 2701 γορη-
1342 2692 1345 2697 ¹

221 2704 280 2768 γεῖν
297 2703 325 2767 iu
340 2701 444 2754 Atticis.
492 2700 568 2766 Apud
586 2698 651 2767 alias
671 2708 762 2763 gentes
781 2700 949 2753 sumebantur
970 2701 1058 2769 potius
1078 2699 1177 2763 deco,
1202 2703 1248 2770 qui
1285 2734 1288 2739 -

223 2772 346 2825 choream
371 2770 452 2821 ducit.
476 2769 538 2820 Vin.
559 2768 656 2818 Athen.
675 2767 747 2817 XIV.
766 2784 794 2833 p.
812 2764 872 2819 638.
892 2766 920 2821 B.
940 2779 969 2819 et
986 2768 1185 2835 ΒοΠιιοοωιΧ,
1202 2771 1246 2822 41.

221 2841 273 2892 Hic
287 2850 363 2890 notes
376 2838 469 2900 simul,
490 2836 569 2889 verba
589 2836 635 2891 illa
671 2835 758 2901 roprie
777 2852 855 2897 uuum
869 2837 1039 2893 excellentius
1056 2838 1138 2902 getius
1150 2848 1248 2889 notan*

173 2908 176 2913 ’
222 2910 261 2959 tia
278 2908 331 2959 diei
358 2907 437 2959 etiam
459 2908 492 2959 de
511 2905 620 2971 reliquis
646 2852 668 2953 si
890 2968 893 2975 Ι
950 2968 963 2974 ..

223 2977 256 3028 ad
276 2995 304 3057 p.
329 2971 389 3037 462,
410 2976 455 3029 20.
496 2973 622 3027 Similiter
646 2970 732 3037 ipsum
757 2971 923 3037 λειτουργεῖν
942 2969 1065 3022 nuncde
1083 2971 1149 3021 solis
1166 2973 1247 3022 mini—

224 3047 311 3094 atenis
326 3043 398 3110 pacis
412 3043 534 3109 ponitur,
552 3057 621 3093 nuuc
634 3038 681 3101 ita,
696 3049 725 3089 ut
743 3038 838 3091 bellica
854 3039 1055 3109 complectatur.
1084 3040 1148 3113 'Hoc
1160 3039 1247 3107 inpri-

224 3115 273 3163 mis
288 3111 440 3163 nctaudum.
808 3148 810 3153 .

56 3241 59 3245 .
161 3234 164 3239 .
185 3195 232 3263 se)
249 3197 313 3252 vsa.
330 3195 461 3262 xenopa.
475 3174 591 3330 osmp
608 3193 689 3263 equit
709 3191 756 3245 os.
769 3211 793 3245 ο.
808 3193 834 3246 1.
848 3202 914 3247 aaa.
934 3156 1070 3247 namsia
1090 3166 1205 3259 snupp.
1225 3197 1247 3245 1.

224 3285 252 3337 p.
267 3265 313 3319 521
330 3267 359 3319 C.
379 3263 432 3331 [ed.
445 3264 567 3317 Francof.
597 3261 730 3319 Plutarch.
743 3262 897 3315 Bellonam
911 3261 1169 3328 parentatup.
1186 3259 1247 3313 349.
1310 3290 1315 3297 ·

175 3336 383 3465 “pnpppppur
396 3401 424 3451 in
442 3401 492 3450 hae
504 3380 639 3450 locutione
653 3404 756 3447 actores
770 3395 937 3460 profabulis,
954 3380 1043 3465 plane¹
1054 3406 1085 3447 ut
1095 3396 1124 3447 iu
1136 3396 1184 3448 illa
1201 3415 1247 3449 ce-

224 3469 305 3529 lebri,
324 3462 499 3531 Accessisse,
516 3463 669 3532 τροιγωθοῖο
685 3466 810 3527 καινοῖς,
829 3463 863 3516 de
882 3482 935 3533 qus
950 3467 1032 3519 multa
1044 3465 1147 3519 noterit
1163 3468 1259 3533 nem<

225 3538 338 3588 sterhus.
350 3535 506 3593 adLuciau.
518 3536 551 3587 T.
564 3538 584 3585 I.
597 3552 624 3600 p.
640 3531 699 3586 166.
1316 3543 1319 3548 ’

55 3642 57 3647 -
77 3666 79 3671 Ι
178 3605 236 3667 ·65)
254 3607 313 3655 Ηιιο
323 3605 439 3672 pertinet
452 3620 545 3655 munus
560 3602 588 3654 iu
608 3602 711 3669 pompis
721 3600 847 3659 sactiset
859 3618 953 3653 munus
966 3593 1159 3670 ἀρχιθεωρίας,
1169 3603 1247 3654 cuius
1307 3659 1315 3667 ,

224 3673 383 3724 mentionem
397 3671 500 3729 ¹hubent
516 3672 609 3740 Lysias
625 3675 696 3723 Orat.
715 3672 793 3727 XXI.
813 3688 840 3736 p.
860 3670 921 3723 700.
944 3671 1073 3723 Andocid.
1091 3672 1125 3725 de
1137 3672 1245 3740 Mystes.

226 3761 252 3810 p.
267 3739 309 3795 65.
324 3742 434 3799 Aristot.
447 3740 532 3791 Ethic.
547 3741 650 3792 Nicom.
663 3739 708 3804 IV,
720 3737 747 3795 4.
772 3747 801 3789 ct
813 3749 892 3790 euett.
909 3757 951 3806 sp.
971 3740 1084 3799 Vandel.
1096 3741 1247 3791 Dissertatt.

224 3810 371 3871 laudd.V1‚
387 3807 413 3862 4.
433 3809 559 3861 Valcken.
575 3808 610 3859 ad
626 3813 744 3859 Ammon.
758 3825 785 3874 p.
799 3803 842 3861 94.
858 3817 885 3858 et
896 3808 1054 3860 ursesmd
1070 3809 1194 3874 Xenoph.
1209 3811 1246 3859 Μ.

170 3933 176 3948 ,
225 3884 252 3933 S.
267 3881 311 3943 111,
323 3875 349 3940 3,
366 3878 406 3931 12.
430 3877 543 3928 Fabulae
559 3887 655 3939 autem,
668 3878 723 3928 sive
735 3876 859 3942 tragicas,
877 3876 932 3927 sive
952 3879 1082 3938 comicae,
1101 3879 1155 3927 sive
1172 3887 1247 3944 saty-

225 3950 303 4011 ricae,
320 3947 404 3999 tribus
419 3946 607 3999 tautum-festis
621 3945 755 3997 bacchicis
770 3944 906 4006 dabantur,
919 3945 1052 4012 Dionysiis
1071 3943 1177 3995 urbanis
1189 3962 1247 3994 ma-

164 4054 171 4067 .,
225 4015 447 4083 gnificeutissime‚
463 4026 490 4066 et
500 4014 548 4067 illo
564 4026 681 4081 tempore
694 4015 783 4081 plures
795 4031 873 4079 qnam
885 4013 958 4075 alias,
967 4013 1107 4065 -iuterdum
1122 4011 1157 4066 ud
1167 4012 1248 4062 sede·

226 4086 286 4136 cim.
319 4087 359 4137 De
373 4101 424 4152 qua
440 4093 537 4135 tutare
549 4083 604 4134 vid.
623 4083 753 4149 egregiam
771 4082 839 4139 Diss.
853 4081 1021 4133 Barthslcmii
1033 4081 1067 4133 'iu
1080 4081 1159 4131 Mem.
1180 4079 1246 4130 del’

160 4176 162 4180 ·
218 4158 273 4209 ,Ac
293 4154 319 4203 d.
334 4157 403 4217 lucr.
426 4162 453 4217 et
473 4153 499 4202 d.
519 4155 548 4203 B.
569 4155 602 4203 Ι..
621 4152 654 4202 Τ.
673 4152 804 4202 XXXIX.
840 4153 931 4216 ltaque
949 4149 994 4202 ubi
1012 4157 1247 4202 commemorantur

202 4270 205 4277 .
228 4223 334 4289 choragi
353 4223 380 4273 iu
397 4222 588 4293 Panathenaicis
606 4219 735 4288 utrisque,
753 4219 781 4269 iu
794 4217 952 4284 Thargeliis,
967 4217 997 4269 iu
1007 4210 1070 4269 aliis
1086 4215 1246 4282 solennibus,

228 4290 310 4342 ibide
324 4291 409 4343 altero
419 4306 518 4357 genere
532 4289 687 4353 chororum,
704 4303 760 4341 uon
770 4287 804 4339 de
816 4286 929 4353 scenico,
947 4283 1116 4362 cogitandum
1129 4294 1177 4338 est.

667 2902 749 2952 uobus
770 2904 845 2953 statis
867 2901 1027 2955 muneribus.
1062 2905 1137 2957 Cunf.
1159 2916 1248 2958 uotam
1334 2964 1337 2969 ι
