2730 4746
168 200 233 309 14'
272 214 276 223 “
375 232 442 296 aa.
464 232 500 295 a.
521 207 1080 304 contumacissimam

79 413 81 417 ’
167 397 285 465 duobus
298 402 360 463 illis
373 401 512 463 instituta
533 412 564 464 et
577 400 662 464 ¹haec
676 404 783 466 Oratio
801 404 905 466 habita
921 405 970 467 sit
1011 407 1084 482 Qua·
1097 409 1186 470 deae
1195 432 1269 493 par·-

165 487 223 547 tim
237 488 320 569 apud
334 488 449 568 ipsum,
470 480 592 569 partim'
603 490 674 548 aiibi
696 490 807 550 iudicia
828 502 901 552 sunt
914 493 1081 571 eiusmodi,
1102 505 1138 557 ut
1150 496 1188 554 de
1202 497 1269 577 ipso

42 590 49 607 “
122 576 287 653 &quoque
302 592 381 632 anno
395 572 519 653 liqueat.
560 573 606 635 Ac
616 575 749 655 primum
762 576 884 655 quidem
901 597 940 638 ex
957 597 992 637 eo
1005 579 1084 656 loco,
1104 581 1161 639 ubi
1173 582 1269 642 Laes-
1302 611 1306 615 ·

165 657 393 718 daemoniorum
400 666 431 717 et
437 658 649 720 Thebanorum
659 661 797 720 meminit
804 659 858 743 ³0),
870 663 960 721 facile
972 663 1164 742 intelligitur,
1173 666 1268 726 athe-

57 818 60 831 y
165 743 282 804 nienses
294 752 358 802 tum
373 742 477 803 hostili
489 744 609 825 publice
620 745 655 805 in
668 745 725 805 hos
740 746 859 822 enimo,·
872 767 943 808 cum
956 726 1018 807 illia
1037 759 1135 809 autem
1149 750 1268 811 iunctos

164 826 295 888 amicitia
317 827 423 906 fuisse,
451 827 516 889 sive
530 848 564 888 ea
583 849 656 891 vera
667 830 777 908 hierii,
802 832 867 893 sive
886 833 1032 912 temporis
1051 855 1154 893 caussa
1168 836 1266 901 'simu-

164 912 232 974 lata.
277 913 398 993 Quippe
421 913 466 972 ibi
486 914 643 975 manifesto
663 914 765 975 studio
783 934 831 976 res
854 924 885 976 et
905 917 1045 989 instituta
1064 919 1283 993 Lacedaemo-.

162 996 285 1057 nicrum
298 1008 490 1077 excusantur,
514 999 654 1080 omnique
668 999 759 1059 modo
774 1001 862 1080 quasi
876 1003 1060 1080 calceantem,
1071 1024 1168 1083 quum
1184 1005 1265 1066 The·
1287 1048 1289 1053 -

164 1081 249 1158 bani,
271 1091 415 1162 tanquam
433 1085 565 1165 populus
584 1085 685 1144 omnis
699 1084 895 1146 humanitatis
907 1107 1015 1169 expers
1031 1098 1062 1148 et
1072 1089 1265 1169 improbitate

163 1166 302 1243 infamis,
323 1177 468 1228 notentur
483 1169 678 1230 acerbissime.
721 1170 791 1243 Quo
805 1171 1022 1253 modo-populi
1038 1173 1151 1234 iudicia
1164 1176 1264 1255 prodi,

162 1247 399 1330 honoratoris,
427 1253 496 1334 quie
517 1254 657 1315 dubitati
682 1255 786 1335 ltaque
801 1255 829 1314 si
849 1256 944 1316 trium
965 1257 1088 1318 illorum
1107 1259 1263 1320 civitatum

163 1337 203 1396 ‹ls
216 1337 394 1418 principatu
408 1339 489 1399 inter
507 1360 539 1398 se
561 1340 742 1399 certantium
761 1342 813 1400 vel
833 1341 939 1401 civiles
958 1343 1009 1403 vel
1023 1343 1147 1404 bellicae
1163 1364 1213 1404 rea
1230 1355 1264 1406 et

161 1419 270 1491 harum
285 1432 422 1502 tempora
442 1422 621 1501 attenderis,
650 1433 813 1503 utrumque
832 1423 978 1486 iudicium
997 1429 1131 1508 reperies
1149 1430 1262 1508 optime

163 1505 203 1564 ad
226 1506 259 1564 id
276 1508 424 1586 temporis
444 1527 626 1586 congruam
653 1508 738 1586 quod
755 1502 950 1571 'Leuctricam
969 1508 1101 1591 p'ugnam
1119 1515 1261 1593 proximo

29 1621 31 1627 ·
121 1599 156 1654 68
163 1589 322 1650 intervallo
343 1602 480 1654 secutum
495 1602 540 1654 eat
556 1590 612 1674 ³¹).
655 1593 807 1670 Quoniam
820 1594 901 1655 enim
917 1615 974 1678 per
989 1595 1045 1658 bos
1060 1599 1260 1660 annosLace-

194 1844 241 1912 so)
258 1828 322 1900 aaa.
336 1864 364 1916 p.
377 1841 439 1907 aas,
451 1843 495 1898 aa.
512 1860 587 1914 seqq.
603 1843 681 1898 cons.
695 1862 723 1914 p.
739 1843 799 1908 em,
811 1843 853 1897 te

193 1910 241 1982 81)
260 1914 414 1972 summatim
427 1915 472 1967 hic
485 1932 500 1967 a
515 1906 642 1967 studiosis
657 1916 801 1982 repetenda
813 1921 883 1978 eunt,
901 1928 969 1981 qaae
978 1911 1050 1966 hunc
1063 1921 1179 1966 tractum
1187 1923 1258 1967 tem-

227 1985 302 2052 poris
324 1984 469 2037 notabilem
486 1985 615 2036 fecerunt.
650 1985 765 2035 Primum
786 1991 827 2034 est
842 1983 972 2051 proelium
988 1983 1061 2051 apud
1080 1985 1194 2035 Leuctra
1211 1987 1255 2036 aa·

229 2063 300 2105 ctum
322 2055 426 2121 Olymp.
444 2052 503 2116 tot,
518 2053 545 2104 2.
602 2072 617 2104 a
641 2053 726 2121 prima
747 2067 840 2102 caussa
861 2051 914 2103 fuit
930 2049 992 2101 'odii
1011 2051 1211 2104 Atheniensium
1229 2052 1258 2104 in

142 2146 145 2151 ⁴
225 2121 386 2185 Thebanos,
403 2120 555 2173 inflammati
576 2055 672 2172 §eineis
685 2121 779 2171 horum
793 2119 918 2187 superbia
932 2128 959 2171 et
971 2119 1008 2170 im
1027 2120 1118 2171 eraudi
1136 2117 1257 2172 libidine.

225 2189 288 2244 vid.
299 2190 436 2242 Demosth.
444 2189 479 2240 de
490 2191 584 2257 Conp.
592 2187 653 2243 475.
662 2190 689 2240 C.
700 2186 751 2254 [ed.
758 2187 904 2256 Franoohl.
917 2188 979 2238 illex
1016 2188 1257 2255 egelopolisinAr-

227 2257 303 2312 cedia
317 2254 441 2311 conditur
454 2266 482 2308 et
489 2256 929 2324 Messenii,unctoribus'l'hebaais,
940 2257 968 2306 in
974 2257 1184 2324 Peloponnesum
1192 2259 1256 2310 red-

223 2336 289 2381 eunt
306 2328 408 2399 Olymp.
430 2326 490 2392 102,
510 2324 537 2379 8.
563 2325 620 2378 Iam
635 2326 755 2378 Thebani
768 2335 826 2376 tum
838 2325 936 2376 ballum
947 2325 977 2375 ia
990 2324 1128 2379 Thessalia
1134 2336 1256 2392 gerentes

225 2397 314 2448 deseri
328 2396 416 2465 coepti
434 2404 496 2447 aaut
509 2413 525 2447 a
538 2394 618 2447 sociis
630 2405 739 2463 gravate
750 2393 896 2447 ferentibus
908 2390 1018 2445 illorum
1028 2392 1255 2465 -dominationemt
1268 2426 1284 2471 5

223 2465 399 2518 Athenienses
414 2475 503 2517 autem
522 2474 614 2516 contra
633 2463 775 2515 Thebanos
790 2480 848 2515 cnm
865 2463 1082 2514 Lacedaemoniis
1101 2465 1256 2517 societatem

226 2544 254 2586 et
268 2534 364 2585 foedus
382 2534 501 2596 iaciunt,
520 2550 573 2602 quo
586 2533 707 2600 inprimis
723 2532 861 2600 imperium
874 2531 954 2582 maris
972 2543 1131 2599 recuperant
1149 2534 1254 2601 Olymp.

223 2602 292 2668 102,
302 2609 329 2661 4.
346 2602 414 2667 Dein
426 2602 530 2671 Olymp.
549 2598 607 2664 103,
623 2601 650 2653 2.
669 2601 790 2653 Thebani
807 2600 932 2653 auxilium
949 2601 1088 2651 Persarum
1101 2612 1254 2668 expetentes

162 2680 166 2687 '
224 2671 418 2740 adpetentiam
429 2688 502 2723 snam
521 2670 668 2737 aagendam
686 2670 720 2721 ad
732 2675 901 2722 Artaxerxem
917 2669 1022 2736 legatos
1035 2669 1153 2733 minant,
1171 2671 1254 2722 Pelo·

48 2778 55 2789 „
98 2755 104 2772 1
163 2764 166 2769 >
221 2740 315 2809 pidem
330 2750 358 2792 et
377 2740 524 2791 ismeniam.
546 2741 650 2808 Olymp.
670 2738 730 2804 103,
747 2737 773 2792 3.
791 2748 967 2811 occupatura
985 2737 1121 2799 Thebanis
1139 2743 1253 2807 Oropus,

224 2796 352 2878 oppidum
370 2808 399 2861 in
412 2808 527 2861 confinio
541 2809 647 2861 Atticae
664 2822 693 2867 et
710 2810 835 2860 boeotum
852 2808 940 2858 situm.
958 2807 1061 2874 Olymp.
1079 2805 1139 2871 104,
1154 2807 1253 2876 2.·ρο-

221 2896 276 3015 tlt
292 2876 1253 3014 listiltlttettttitt?sstllthittttttttott

788 2979 797 3010 s

222 3032 330 3137 titt
347 3012 1252 3154 titt?{till“titilletlttttlitd?titt?

197 3192 199 3197 .
224 3153 305 3204 etium
319 3154 394 3205 novis
417 3154 502 3222 copiis
523 3151 660 3206 navalibus
675 3162 836 3222 receptaque
854 3149 1025 3203 multitudino
1049 3151 1180 3202 sociemm
1198 3151 1251 3202 tri·

220 3221 286 3275 buta
305 3222 485 3291 pendentium.
515 3227 555 3275 Ac
572 3241 635 3275 sane
648 3240 719 3306 pesp.
734 3221 768 3274 ad
779 3220 920 3302 pristinam
932 3218 1136 3300 magnitudinem
1150 3218 1250 3300 rediis-

221 3291 619 3429 iiiiiissllss'iqiiiliiil'}
632 3285 1250 3423 tttttfflttttttttt‘tlltttt}

218 3428 370 3497 Philippum
386 3430 566 3479 Macedonem.
604 3426 670 3491 Hic,
691 3441 773 3492 regno
799 3423 902 3491 Olymp.
921 3420 982 3488 104,
998 3418 1025 3472 4.
1043 3432 1172 3493 occupato
1188 3426 1248 3493 pri-

186 3499 190 3506 '
217 3514 289 3549 mum
300 3508 369 3549 artes
382 3515 441 3548 auae
453 3497 550 3549 callide
567 3506 674 3564 tegere,
691 3491 832 3545 amicitiam
846 3508 950 3562 quoque
972 3508 1031 3543 cum
1043 3492 1247 3545 Atheniensibus

217 3582 343 3634 pangere.
367 3568 472 3636 olymp.
491 3565 550 3628 105,
566 3565 592 3618 2.
628 3564 701 3616 Idem
720 3572 808 3613 tamen
830 3560 920 3629 paullo
936 3570 999 3628 post
1020 3561 1111 3612 amicis
1128 3562 1248 3631 Pydnam

220 3644 247 3686 et
258 3634 411 3687 Potidaeam
430 3636 510 3713 etipit
532 3635 636 3704 Olymp.
659 3629 718 3699 105,
736 3628 773 3694 3.,
791 3630 895 3698 aliaque
913 3647 974 3682 mox
989 3629 1018 3680 in
1036 3631 1195 3683 Graecorum
1208 3633 1247 3683 li-

216 3703 347 3757 bertatem
358 3704 537 3767 machinatur,
555 3702 621 3771 quae
632 3719 686 3754 non
702 3709 763 3752 sunt
775 3699 851 3750 huius
873 3698 935 3751 loci.
969 3701 1073 3767 Interea
1091 3700 1158 3752 socii
1175 3717 1245 3752 nevo

215 3772 279 3894 {agno
296 3772 621 3893 Athenienpium'nimipm
640 3771 740 3838 pressi,
765 3769 854 3889 Gffiib
862 3767 1056 3903 ἔξξοᾱίἰέὠίὲοἱτ
1070 3777 1103 3888 pte
1117 3769 1245 3888 iipzaptii,
1319 3843 1323 3853 y

218 3856 321 3962 sieilih
334 3845 849 3978 ῗὲἔ11ἓ811οτιιοεντῖίῗ)5111111011ξῇἴῇἴά
861 3855 976 3973 per'trqes
990 3855 1046 3958 forle
1054 3855 1146 3968 :auolat
1153 3855 1245 3976 11ᾚὲ

215 3996 269 4050 pax
283 3979 401 4032 insecuta
417 3981 459 4030 01.
476 3976 536 4043 106,
555 3981 579 4031 1.
599 3996 663 4046 opes
679 3979 768 4031 statim
782 3976 909 4028 reddidit.
943 3977 1013 4026 Hinc
1025 3975 1152 4044 proximis
1168 3977 1244 4028 annis

214 4050 338 4117 querelae
360 4048 394 4100 de
411 4049 511 4100 afflicta
532 4049 685 4099 conditione
702 4063 790 4098 rarum
811 4045 965 4097 Atticarum.
998 4047 1033 4095 Et
1048 4054 1149 4095 tantum
1171 4045 1244 4113 quod

216 4119 383 4186 profligatum
400 4118 500 4168 bellum
515 4119 614 4168 sociale
632 4126 702 4181 erat,
726 4132 807 4185 quom
826 4115 899 4166 aliud
918 4116 1030 4175 exarsit,
1047 4111 1121 4182 quod
1141 4130 1244 4165 merum

215 4197 326 4250 vocant,
345 4187 416 4238 omni
435 4186 561 4239 Graeciae
578 4187 792 4251 funestissimum.
834 4187 989 4251 Quanquam
1006 4183 1062 4233 eius
1081 4181 1243 4235 calamitates

214 4257 305 4308 Attica
324 4257 410 4308 minus
428 4256 519 4308 sensit.
553 4255 606 4308 snb
621 4256 699 4307 huius
720 4255 785 4306 belli
804 4253 883 4305 initia
899 4252 1106 4307 Danosthanem
1123 4250 1157 4305 sd
1170 4269 1243 4306 sem·

136 4319 142 4330 ‘
180 4321 204 4388 ·)
221 4327 303 4379 Immo
316 4321 367 4380 τόν
380 4319 553 4395 συμμαχικὸν
567 4321 698 4394 πόλεμον.
715 4338 853 4379 scamma.
870 4340 875 4345 ·
