2730 4746
16 144 28 155 ’
143 183 208 248 aaa
297 185 332 210 ··
420 267 425 275 Ι
523 166 896 253 suaeranouus

144 363 181 409 ut
201 347 302 410 onmes
313 314 451 409 homines
462 352 581 411 sibimet
594 357 657 434 ipsi
667 355 705 415 de
720 372 778 417 aue
790 380 874 439 pmu
886 361 1081 421 collatinum
1091 363 1141 422 ad
1149 366 1259 425 vitam

143 427 389 512 conserant‘Sed
403 437 512 496 inclusi
527 433 634 513 ἆξοοῡυ
647 443 748 520 uncia,
772 447 915 522 quoniam
927 469 959 525 p.
980 452 1056 523 574,
1079 455 1132 515 12.
1154 451 1256 527 abest,
1323 468 1327 473 '

141 521 194 580 ubi
209 523 295 580 Iocus
310 519 361 578 hic
372 521 452 579 idem
470 522 577 582 iisdem
593 528 695 586 verbis
712 531 852 589 recurrit.
872 550 973 591 uersu.
1205 555 1209 563 ’
1320 532 1328 551 ’

225 629 257 688 Ρ.
275 628 348 692 547.
364 646 395 685 u.
408 632 439 693 8.
461 628 582 708 οἴομαι]
605 631 693 710 Vulg.
716 628 809 714 οἶμοι.
838 633 974 716 ἡγοῦμαι
992 638 1087 699 Paris.
1109 624 1255 720 quintus,
1310 646 1320 656 ⁵

139 711 263 791 August.
282 712 406 792 primus.
429 733 525 771 aaran.
547 710 772 793 alpos-Bekker.
786 736 952 779 semma.
1025 764 1034 778 .
1139 720 1143 729 ’

224 819 258 878 P.
276 818 348 883 547.
363 837 394 876 v.
412 823 461 882 10.
483 813 635 899 [dimid]
666 819 753 897 ἄξιον
778 819 858 887 εἶναι
884 846 988 905 margo
1013 829 1112 907 Lutet.
1149 851 1254 891 max.
1295 811 1327 825 Ἡ

139 904 241 961 Uncos
257 912 339 961 recte
356 913 534 961 amoverunt
548 904 722 966 Buttmann.
743 917 773 966 et
791 910 920 970 Bekker.
941 910 1047 1001 φξρειυ
1061 908 1188 992 sigrada,
1203 920 1255 974 eie
1307 946 1310 951 ·

12 1013 18 1032 ·
138 999 294 1045 statutum
309 985 568 1067 deliberatumque
587 989 712 1066 habere,
734 1005 769 1050 ut
782 995 950 1072 conferant.
977 1016 1148 1089 semesum

225 1096 258 1153 Ρ.
274 1094 347 1158 547.
358 1114 388 1153 v.
405 1099 453 1159 10.
476 1093 753 1175 οὗτῶν-υῦτοῖς]
777 1099 826 1156 Sic
840 1099 929 1156 etiam
946 1101 1074 1163 Bekker.
1087 1097 1194 1166 adres
1205 1137 1252 1152 ··-

138 1173 242 1253 eisaie
257 1179 356 1237 Beialn
380 1178 533 1242 υυίοῑν-
544 1175 646 1253 ου’τοῖς
660 1181 833 1240 Buttmann
854 1203 1013 1243 acumen.
1031 1217 1035 1226 ·

223 1288 255 1345 P.
269 1287 341 1352 547.
358 1304 388 1342 v.
406 1290 455 1350 11.
478 1283 608 1364 ἔρανον]
630 1287 674 1344 De
693 1288 818 1347 notione
837 1293 894 1352 τοῦ
912 1282 1041 1369 ἐράνου,
1062 1301 1094 1350 et
1116 1292 1252 1369 quierit

118 1367 121 1371 ’
137 1368 298 1453 πληρωτὴς
316 1363 445 1449 ἐράνου,
472 1369 628 1447 disputant
648 1371 724 1430 bene
744 1373 833 1431 multi
853 1383 883 1457 et
900 1373 1002 1432 locum
1027 1362 1152 1433 idcirco¹
1170 1396 1251 1455 prae

136 1456 276 1514 manibus
296 1455 463 1512 illustrant.
491 1454 559 1511 Vid.
582 1456 787 1515 casaubonum
811 1458 851 1516 ad
871 1457 1060 1517 Athenaeum
1080 1460 1159 1520 VIII.
1184 1467 1248 1535 10.,
1317 1458 1327 1467 ’

136 1538 274 1599 Ramirez
296 1539 335 1597 de
358 1537 455 1609 Prado
478 1536 511 1594 iu
532 1539 778 1601 Pentecontareh.
808 1563 834 1600 c.
864 1549 931 1618 11.,
960 1542 1181 1622 spanhemium
1208 1546 1250 1605 ad
1309 1574 1314 1581 ·

138 1622 311 1682 callimach.
333 1623 446 1700 Hymu.
467 1621 506 1680 ad
524 1623 621 1681 Cerer.
641 1645 672 1682 v.
694 1630 756 1701 73„
777 1628 909 1686 Petitum
925 1627 963 1685 ad
976 1629 1033 1686 Lt.
1052 1628 1146 1686 Attic.
1167 1630 1193 1688 l.
1215 1633 1259 1697 5..

108 1756 112 1767 .
135 1709 185 1772 tit.
206 1715 248 1785 7.,
272 1706 437 1767 Heraldum
454 1706 615 1786 praecipue
630 1717 661 1767 et
675 1710 866 1786 salmasium,
887 1711 1027 1771 hunc-de
1040 1712 1150 1771 Usuris
1164 1734 1193 1772 c.
1215 1723 1248 1780 3.

135 1794 303 1871 iterumque
326 1813 358 1871 p.
380 1797 453 1856 679.
473 1792 507 1849 in
527 1791 667 1867 Omissis,
696 1795 857 1875 praecipue
882 1806 983 1855 autem
1007 1796 1182 1856 Observatt.
1206 1797 1249 1857 ad
1316 1850 1322 1867 ,

51 1946 54 1951 ,
135 1879 187 1938 Ius
206 1879 295 1937 Attio.
317 1887 348 1936 et
368 1878 455 1936 Rom.
470 1876 573 1936 statim
588 1870 626 1936 ab
639 1877 745 1958 initio,
765 1880 856 1940 illum
872 1881 907 1939 in
926 1881 1152 1943 Animadversa.
1169 1883 1193 1940 I.
1214 1888 1246 1949 6.

136 1985 163 2027 c.
185 1965 216 2030 5.
238 1985 318 2043 seqq.
340 1982 473 2023 ranan.
1130 2033 1135 2038 ,

131 2092 136 2101 ·
220 2071 253 2129 P.
268 2073 341 2137 547.
356 2090 387 2129 v.
404 2073 453 2133 11.
475 2062 527 2146 [od
545 2071 653 2130 τοῦτον
672 2061 830 2149 pison-
842 2066 919 2133 etet
936 2069 988 2134 sat
1004 2069 1141 2152 ἅλλον,]]
1164 2075 1247 2135 Tota
1321 2064 1326 2079 ⁴

133 2155 210 2215 haec
222 2154 371 2214 sententia
386 2154 469 2213 abest
483 2152 519 2210 ali
536 2152 658 2229 Augim.
673 2155 781 2232 primo.
803 2157 899 2217 Uncis
912 2156 1034 2216 inclusi.
1055 2178 1153 2216 neren.
1173 2160 1245 2216 Uu-
1319 2186 1323 2191 ·

135 2262 188 2300 cos
203 2234 318 2300 amovit
339 2240 510 2296 Buttmann.
540 2238 797 2307 Suusaententiae
811 2240 898 2298 locus
919 2249 964 2298 est
980 2263 1010 2321 p.
1031 2247 1105 2316 574,
1131 2242 1184 2307 12.
1207 2265 1244 2320 ο,
1281 2290 1285 2295 .

132 2326 215 2387 unde
228 2325 333 2404 inepta
356 2322 524 2383 acribarum
541 2321 684 2381 sedulitas
699 2321 762 2381 hue
781 2325 906 2384 invexit.
934 2324 994 2384 Hic
1017 2327 1069 2404 qui
1083 2327 1244 2404 deleverit,

83 2434 86 2440 ·
132 2411 171 2473 de
183 2411 251 2492 ipso
268 2410 396 2469 Oratore
410 2407 485 2467 bene
503 2406 681 2487 merebitur:
705 2407 748 2466 sic
765 2409 845 2467 enim
864 2410 974 2469 iterare
989 2411 1152 2470 sententiaa
1173 2408 1244 2473 for-

131 2506 211 2556 tasse
230 2495 304 2554 alios
319 2480 434 2569 deceat,
463 2490 691 2551 Demosthenem
704 2492 824 2571 quidem
841 2495 973 2553 dedecet.
994 2515 1154 2554 suumn.
1195 2564 1198 2569 ,

217 2623 250 2680 P.
264 2622 380 2697 547.v.
399 2625 448 2683 12.
473 2608 523 2696 ad]
548 2619 642 2677 Codd.
658 2621 747 2697 Regg.
764 2643 791 2682 υ,
807 2624 835 2701 β.
858 2632 889 2680 et
904 2623 1016 2703 Obsop.
1031 2617 1085 2700 aiv,
1106 2625 1243 2704 proinde
1323 2680 1325 2685 .

75 2768 91 2783 ,
119 2706 220 2786 quasi
236 2706 309 2764 olim
325 2703 379 2762 hic
393 2703 541 2782 scriptum
554 2703 677 2779 fuisset,
699 2706 746 2763 uti
760 2706 793 2763 in
807 2707 886 2780 loco,
909 2709 963 2786 qui
976 2709 1049 2769 huic
1063 2710 1153 2787 plane
1166 2727 1244 2786 ger·-

131 2812 238 2851 mauus
261 2800 291 2849 et
311 2789 475 2849 consimilis
495 2798 558 2864 est,
579 2809 611 2867 p·
635 2794 710 2864 574,
732 2794 792 2866 12.
815 2785 884 2871 οὐχὶ
898 2787 1008 2855 τούσδε
1026 2789 1160 2873 μόνους,
1183 2791 1242 2868 οὓς

132 2876 312 2957 συλλέγουσί
334 2898 414 2948 τινες
435 2872 487 2935 aul
502 2866 546 2935 aia
561 2875 715 2953 πληρωταὶ
735 2878 888 2956 γίγνονται
902 2888 961 2957 etc.
983 2898 1112 2938 earnes.
1133 2879 1241 2959 Ipsum
1308 2874 1314 2882 ’

14 2949 22 2960 ’
131 2948 210 3019 illud
233 2953 276 3021 ὧν
295 2958 408 3017 indicio
431 2966 476 3015 est
499 2957 594 3015 aliena
612 2977 667 3016 nos
687 2957 739 3017 hle
759 2960 865 3036 legere.
900 2963 1022 3021 Scilicet
1047 2962 1100 3041 qui
1121 2972 1238 3021 ceteros
1284 3024 1288 3033 ,

47 3062 51 3066 ’
131 3044 274 3125 plurales,
287 3051 323 3100 ut
337 3051 405 3122 apte
415 3041 510 3099 coiret
524 3034 677 3123 structura
690 3043 864 3123 verborum,
872 3045 875 3051 ’
883 3048 1014 3110 mutavit
1024 3046 1239 3126 singularibus,

130 3127 216 3188 hunc
230 3148 326 3187 unum
338 3134 455 3186 mutare
470 3125 582 3185 oblitus
598 3135 651 3186 eat
674 3149 834 3189 saansaan.

78 3275 81 3279 -
150 3288 159 3297 .
216 3236 249 3295 Ρ.
262 3236 335 3301 547.
346 3254 376 3294 v.
392 3239 441 3300 13.
463 3226 545 3297 οἷον·
575 3228 634 3316 iyai
656 3234 702 3306 τίς
725 3232 920 3318 ottone-1
949 3240 1024 3317 Lege
1042 3259 1177 3298 meeum:
1194 3272 1238 3285 -

52 3338 57 3349 ¹
131 3314 207 3383 tuot
220 3319 272 3382 nel
288 3316 388 3383 ἄλλον.
411 3313 495 3393 οἷον,
517 3313 575 3401 tyn*
590 3318 635 3391 τίς
647 3316 767 3394 οὑτοσί,
797 3321 914 3405 μέτριος
927 3320 1000 3405 πρὸς
1021 3314 1159 3396 iniuria
1173 3325 1239 3404 εἶμι

132 3414 189 3465 etc.
203 3437 247 3467 -,-
268 3403 323 3463 aad
343 3407 436 3462 etiam
449 3404 557 3486 adium.
578 3404 720 3479 Exempli
732 3410 858 3482 gratia:
882 3411 951 3487 Ege
964 3409 1016 3465 ille
1031 3408 1238 3487 qualisnam?

65 3506 69 3511 ·
129 3488 258 3568 Aequus
272 3509 427 3569 comesque
444 3507 631 3565 ergaomnea
646 3495 702 3545 etc.
725 3510 855 3551 autnon.
877 3493 925 3552 Ex
964 3494 1057 3568 .574,
1076 3499 1126 3557 12.
1141 3502 1238 3573 patet,

128 3573 214 3651 hnpe
238 3575 341 3645 locrun
363 3572 408 3630 ita
436 3571 682 3648 distinguendum
702 3591 780 3633 esse:
801 3609 846 3622 --
865 3576 917 3639 nol
935 3581 1035 3639 atton
1067 3571 1152 3647 οἷοι·
1174 3570 1237 3658 lyei

17 3716 20 3721 .
129 3656 311 3735 rmodaoel,
338 3655 456 3737 μέτριος
473 3651 550 3738 πρός
571 3649 709 3731 ἅπαντάς
730 3658 800 3738 εἰμι,
819 3659 954 3742 ἐλεήμων
961 3709 971 3739 ,
994 3653 1029 3722 εὖ
1044 3667 1145 3723 ποιοῖο
1162 3658 1245 3736 τους

128 3737 275 3819 πολλούς,
308 3736 402 3805 ἅπασι
416 3774 460 3789 ·-
472 3734 569 3803 τιν’τοῖ
584 3773 628 3785 -—
641 3744 791 3827 πἀρασιῇ.
805 3745 918 3828 ,ἕτερος
931 3745 1036 3808 οὑτοσί
1047 3769 1109 3822 τις,
1134 3749 1238 3827 βίαιος

40 3829 63 3871 “·
128 3862 171 3876 -·-
189 3827 370 3911 ἅνθρωπος,
393 3820 491 3911 τούτῳ
505 3860 545 3870 -
558 3819 715 3907 ὑπάρχειν.
737 3830 848 3889 Confer
862 3826 938 3889 lo‘ea.
960 3830 1047 3888 Hanc
1060 3830 1238 3890 distinetio-

127 3935 196 3975 nem
213 3915 341 3975 Wolfius
353 3934 416 3972 non
431 3912 537 3971 videns
551 3911 586 3969 in
600 3910 738 3971 versione
752 3934 805 3971 aua
818 3914 1048 3973 Demosthenem
1063 3916 1184 3975 inducit
1197 3916 1237 3975 de

128 4020 159 4058 se
180 4002 246 4080 ipso
263 3998 370 4081 putide
385 3989 588 4076 καυχώμενον.
618 3996 756 4055 Rectiora
771 4019 838 4057 eum
856 4001 962 4059 docere
977 4000 1123 4078 potuisset
1138 4021 1236 4060 voca-

127 4083 233 4144 bulum
251 4111 312 4162 ug,
341 4104 396 4163 per
418 4082 501 4161 quod
520 4080 732 4140 Demosthenes
752 4082 870 4160 innuit,
891 4085 1238 4163 qualisvis,quemlibet

125 4171 290 4229 transferre
304 4171 337 4228 in
352 4189 383 4227 se
397 4187 483 4247 posse
495 4164 574 4223 hanc
588 4185 718 4242 gnomen
733 4176 763 4225 et
777 4187 808 4226 se
821 4169 921 4247 ipsum
937 4169 1140 4247 interrogare:
1162 4173 1237 4249 Ego

125 4252 210 4313 hicce
224 4276 329 4315 eumne
342 4275 461 4334 aequus
476 4284 516 4301 -
530 4269 603 4329 erga
616 4251 740 4311 omrzee?
764 4254 1059 4342 Omnqaigitur·pa1·
1072 4267 1117 4313 eat
1127 4253 1238 4315 eadem
