2730 4746
128 245 193 363 ιρι
348 196 387 362 ἰ
431 322 445 355 ρ
496 238 916 357 annorrmonnsJ

213 414 245 477 Ρ.
259 415 331 483 549.
344 435 373 477 v.
386 416 437 484 25.
449 414 634 505 ἐπεξῄειμεν
646 423 703 483 τοῦ
718 392 819 500 φόάσν
836 417 1106 510 νάνἎρ1σισρξσν]
1137 413 1246 491 ditant

127 501 240 565 Anecd.
261 502 355 564 Bekk.
377 523 408 582 p.
431 507 501 569 141.
524 526 548 563 s.
570 525 732 566 senneser.
1097 526 1100 531 ·

212 592 245 650 Ρ.
259 593 331 656 549.
346 609 377 647 v.
394 590 445 654 25.
468 583 654 676 ἐπεξῄειμεν]
683 590 864 671 [ἐπεξῆμεά.]
892 592 1040 680 ἐπεξῇμεν
1067 596 1125 677 [sic
1147 599 1243 658 Wol-

125 673 194 757 fius]
217 697 273 756 pro
290 668 481 760 ἐπεξῄειμεν,
505 684 534 734 et
549 676 674 734 fortasse
696 680 739 762 τῷ
755 669 945 762 Ἀριστάρχῳ.
967 676 1002 741 τά
1017 677 1074 763 γάρ
1087 682 1245 758 ἐπεξιέναε

47 767 50 770 ’
125 763 178 843 uui
195 763 366 836 ἐπεξελθεῖν
380 761 485 843 δοτικῇ
499 756 702 822 συντάσσεται.
724 780 825 831 worn.
847 763 935 841 Vulg.
951 763 1108 845 ἐπεξῇμεν.
1130 767 1243 855 ἐπεξῇ-

107 871 184 929 .μεν
202 867 271 907 cum
286 846 348 905 iota
362 845 446 925 subp
460 845 529 903 vult
546 844 690 918 wolfius,
716 847 797 924 quod
812 866 876 906 esse
892 869 991 927 posse
1002 860 1141 910 autumet
1155 853 1242 913 idem

126 943 215 1013 atque
235 926 419 1018 ἕιιεξῄιιμεν.
443 930 578 990 ·Correxi
597 923 771 1014 ἐπεξῄειμεν
789 932 827 990 de
846 953 922 991 meo.
950 954 1049 994 narsis.
1085 937 1242 1022 ἐπεξῇμεν

124 1019 302 1095 Buttmann.
314 1024 344 1075 et
359 1016 486 1076 Bekker.
516 1016 584 1074 Non
603 1015 785 1074 memineras
794 1017 933 1075 Reiskius
952 1017 1032 1077 hanc
1053 1021 1184 1080 formam
1206 1010 1249 1082 ιε’
1268 1084 1275 1094 ,

125 1104 237 1184 passim
249 1101 362 1180 legisse.
384 1100 523 1180 ἐπέξιμεν
538 1099 651 1159 Anecd.
672 1100 784 1158 Bekre
805 1111 842 1161 ut
853 1102 925 1161 satis
940 1115 1091 1183 appareat,
1114 1107 1193 1186 quid
1205 1109 1241 1167 in

26 1180 33 1193 ⁸
127 1187 420 1267 G1·ammatici‘libro
436 1184 696 1265 scriptumfuerit.
715 1205 874 1247 sennaser.

23 1277 29 1286 .
151 1315 165 1322 “
208 1295 241 1358 P·
256 1296 328 1363 549.
343 1314 372 1355 v.
388 1292 439 1359 25.
460 1287 515 1355 τάν
533 1284 741 1377 Ἀρίσταρχον]
772 1293 852 1352 Bene
872 1292 971 1357 habet.
1000 1294 1151 1373 ἐπεξιέναι
1167 1296 1265 1367 τινά,

123 1383 249 1464 perinde
274 1390 363 1459 atque
382 1377 443 1439 τινὶ
462 1384 643 1458 usurpatur,
667 1377 751 1456 quasi
775 1379 815 1436 sit
836 1378 945 1454 ἐξιέναι
965 1381 1019 1444 ἔπι.
1036 1406 1112 1445 ,Μ
1135 1380 1239 1445 ,hm-0

123 1470 327 1527 Buttmannus
341 1464 447 1525 citavit
461 1482 500 1521 cx
515 1462 704 1541 Antiphonte
721 1485 752 1542 p.
776 1469 848 1541 112,
872 1466 922 1530 35.
947 1456 994 1528 iias
1012 1463 1160 1548 ἐπεξίοιμι
1180 1473 1239 1532 τοῦ

124 1549 237 1634 πατρός
252 1548 306 1612 τόν
321 1545 428 1627 postu,
450 1556 481 1604 et
502 1546 534 1605 in
551 1547 688 1606 Addend.
710 1569 740 1627 P·
766 1554 836 1613 161·
855 1570 893 1608 ex
916 1551 1070 1631 Euripidis
1087 1554 1238 1614 Androm.

123 1639 196 1704 735.
218 1628 309 1715 τήνδ’
324 1633 496 1708 ἐπεξελθεῖν
511 1629 602 1694 θέλω.
624 1631 738 1690 Reiskii
754 1642 852 1692 autem
865 1637 1010 1695 rationem
1027 1638 1239 1698 accusativum

122 1720 236 1781 tuentis
255 1740 328 1778 cave
342 1716 461 1798 probes.
484 1716 604 1796 Quippe
619 1716 768 1790 ἐπεξιέναι
778 1718 861 1779 hunc
877 1741 979 1779 cusum
995 1722 1149 1800 adsciscit,
1166 1722 1238 1803 quia

123 1817 169 1866 est
185 1808 221 1866 de
237 1806 330 1867 classe
351 1803 514 1875 verborum
537 1803 713 1877 accusandi,
737 1824 813 1882 quae
832 1807 996 1866 solenniter
1016 1818 1237 1869 construuntur

123 1913 194 1951 cum
207 1889 387 1955 accusativo
410 1907 556 1967 personae
573 1896 603 1946 et
624 1888 757 1965 genitivo
773 1889 827 1948 rei.
858 1891 942 1950 Coris.
964 1901 1028 1951 not.
1050 1893 1090 1952 ad
1104 1894 1236 1953 pomoni

7 1995 17 2009 ⁸
120 1977 256 2038 Medeam
276 1997 307 2055 p.
329 1979 381 2039 77.
403 1971 449 2030 ed.
470 1981 539 2032 tert.
561 1971 641 2059 Lips.
673 1973 812 2032 Ceterum
829 1975 1049 2036 Grammaticus
1068 1977 1101 2036 in
1120 1979 1235 2038 Anecd.

98 2062 214 2121 .Bekk.
237 2068 368 2138 nugatur
394 2056 624 2117 Demosthenem
651 2057 753 2138 inepte
780 2081 963 2154 componens
992 2083 1062 2122 cum
1091 2063 1234 2124 Isocrate.

35 2142 42 2152 ’
121 2166 281 2206 sunarsnn.

205 2233 238 2290 Ρ.
254 2231 326 2296 549.
342 2248 372 2289 v.
388 2233 439 2294 27.
461 2225 613 2308 νέρμαιιι]
639 2227 821 2306 'Legendum
844 2210 968 2291 viiletu‘r
991 2204 1138 2313 χρῆμιιτσι.
1170 2233 1234 2294 Nec

29 2368 34 2379 .
59 2382 64 2394 ,
121 2318 200 2379 enim
216 2311 379 2376 verisimile
395 2322 440 2372 cst
454 2313 579 2372 Midiam
595 2313 727 2372 nummis
746 2312 907 2374 minutulis
925 2317 1049 2391 oblatis,
1073 2318 1126 2376 scd
1143 2318 1238 2377 nota-

119 2402 176 2464 bili
190 2402 290 2480 aliqua
303 2399 448 2480 pecuniae
464 2398 580 2476 summa
595 2400 742 2479 promissa
755 2407 873 2458 tantum
896 2402 1012 2460 facinus
1024 2403 1088 2460 illis
1102 2423 1233 2481 persua-

122 2489 192 2548 dere
211 2478 351 2545 voluisse.
373 2505 467 2543 inum.
496 2485 581 2542 Conf.
603 2506 634 2563 p.
656 2484 729 2558 542,
753 2489 782 2546 8.
804 2481 996 2564 πεντήκοντά
1010 2487 1080 2544 illae
1101 2487 1233 2570 δραχμαὶ

121 2572 267 2652 quantilla
287 2571 409 2628 suerunt
424 2569 590 2625 summula!
620 2568 733 2646 Nempe
746 2568 872 2627 Athenis
888 2571 1016 2629 intanta
1030 2566 1232 2650 plurimorum

117 2663 296 2737 paupertate
311 2654 399 2712 etiam
411 2652 636 2711 nummulorum
653 2672 759 2728 magna
773 2653 820 2710 vis
836 2655 904 2714 fuit.
929 2677 1087 2716 senseras.
1267 2688 1271 2693 ·

203 2742 236 2800 Ρ.
251 2739 324 2804 549.
340 2759 370 2798 v.
387 2743 438 2804 28.
460 2729 583 2816 ιἐθεόον]
608 2731 716 2822 napos
737 2758 834 2798 emsa.
855 2741 1032 2801 Buttmann.
1051 2751 1082 2800 et
1101 2743 1231 2804 Bekker.

119 2846 277 2889 scmurnn.
498 2846 504 2851 ·

204 2916 236 2972 Ρ.
252 2912 324 2975 550.
341 2928 371 2968 v.
389 2913 417 2971 1.
438 2903 537 2988 Λάβε]
561 2905 649 2988 Λνβέ
667 2909 859 2968 Buttmann:
880 2909 953 2969 item
966 2911 1093 2972 Bekker.
1105 2913 1142 2972 iu
1159 2913 1229 2974 edit.

117 2997 266 3069 Berolin.,
288 3002 430 3071 sequente
445 2991 612 3050 Dindorfio.
633 3013 792 3052 senseras.
991 3052 1000 3063 .

204 3084 235 3141 P.
251 3080 323 3144 550.
336 3096 367 3135 v.
385 3082 413 3140 1.
436 3075 572 3155 δωρεάν]
588 3072 695 3156 δάρων
710 3079 802 3138 Paris.
817 3078 942 3157 primus,
956 3083 1118 3158 secundus,
1135 3084 1229 3162 quin-

118 3176 176 3243 tus,
194 3167 319 3244 August.
334 3162 459 3244 primus,
481 3161 654 3238 Bavuricus.
673 3168 770 3223 nersx.
794 3156 903 3244 δώρων
917 3166 1090 3227 Buttmann.
1104 3178 1134 3226 et
1147 3170 1229 3229 Bek-

118 3254 183 3313 ker.
206 3253 303 3331 Atque
316 3248 380 3328 ipse
389 3246 528 3306 Reiskius
541 3241 647 3327 δώρων
663 3268 701 3308 ex
712 3249 849 3308 hocloco
865 3249 969 3309 citavit
983 3252 1048 3311 lnd.
1065 3254 1228 3315 Graecina

118 3359 149 3416 p.
174 3343 244 3403 176.
272 3332 339 3394 Hoc
354 3333 444 3392 unice
463 3331 663 3410 probandum.
687 3333 769 3406 Quae
788 3334 867 3393 enim
886 3335 997 3396 dantur
1012 3339 1229 3419 corrumpendi

119 3432 204 3501 ergo,
233 3427 304 3480 sunt
324 3419 426 3497 δῶρα,
454 3437 519 3474 nou
539 3417 658 3498 δωρεαί.
695 3412 819 3480 Monuit
833 3418 922 3480 etiam
938 3421 1142 3483 Buttmannus
1160 3423 1226 3483 lnd.

115 3529 149 3586 p.
171 3512 241 3571 170.
260 3521 422 3562 scamma.

129 3605 133 3610 ’
155 3640 159 3649 =
203 3610 319 3673 [1550.
334 3627 365 3665 v.
385 3611 413 3670 1.
436 3604 469 3669 ἐν
485 3601 547 3695 ὅσῳ
568 3604 602 3668 δέ
622 3603 675 3672 τάν
693 3601 791 3690 νόμον
813 3633 842 3672 ιι.
862 3634 888 3674 τ.
910 3611 959 3695 t]
986 3615 1036 3676 En
1053 3610 1227 3698 exemplum

117 3689 363 3787 interlocutionis
376 3690 467 3752 solito
482 3692 636 3771 longioris.
658 3694 695 3756 V.
709 3704 774 3755 not.
789 3696 827 3754 ad
839 3718 871 3776 p.
885 3702 964 3778 407,
981 3707 1029 3767 13.
1043 3712 1074 3761 et
1086 3706 1162 3782 482,
1173 3707 1238 3769 21.

118 3800 278 3842 sumeres.
401 3840 403 3845 ,
583 3824 586 3829 -
1064 3821 1068 3825 ·
1116 3834 1119 3839 .

202 3888 235 3946 P·
249 3888 321 3953 550.
333 3903 364 3948 v.
382 3892 412 3954 3.
435 3884 652 3972 δεηθεὶς-τῇ
664 3880 783 3974 γνάμρ]
804 3888 850 3947 Ita
873 3889 1134 3971 distinguendum:
1158 3893 1225 3970 δεη·

117 3967 187 4042 θεὶς
198 3970 286 4051 tuus
299 3967 460 4036 άπάνιιιν·
490 3967 564 4056 apic
575 3968 831 4046 Διάς-άκσάειε
844 3980 885 4060 τῇ
901 3975 1015 4062 γνώμῃ.
1044 3996 1224 4037 mannans.

117 4051 161 4110 Ne
174 4057 285 4114 audias.
304 4078 463 4118 sensuum.

134 4146 165 4167 ”
203 4163 235 4220 Ρ.
249 4163 321 4228 550.
334 4183 364 4224 v.
382 4165 412 4230 5.
433 4155 477 4245 niu
495 4156 535 4224 άν
559 4154 688 4242 άκσάητέ
704 4159 774 4243 μου]
804 4156 1093 4250 [vicinissime]
1123 4160 1168 4231 aiv
1183 4161 1225 4230 άν

118 4236 248 4323 άκοάητέ
269 4270 328 4326 μου
349 4249 473 4306 Barocc.
494 4246 569 4324 Arg.
592 4241 742 4327 άιιοάσηιε
764 4250 925 4311 Lindsnbr.
956 4256 1025 4332 neg.
1049 4279 1076 4316 ν.
1109 4252 1225 4335 Obsop.

44 4342 52 4349 “
118 4328 183 4389 Ital.
206 4329 351 4393 Vindob:
374 4341 406 4394 et
419 4332 463 4393 ita
474 4351 594 4412 quoque
610 4333 695 4414 apud'
705 4331 902 4397 Scholiastem
914 4340 1067 4422 repetitur.
1079 4344 1223 4398 ‘annom
