2730 4746
204 287 207 290 ,
314 200 992 296 :tueremur-ruanimumn.
1043 202 1065 327 J
1172 226 1216 301 ts·

107 390 267 468 'annone
287 405 459 483 grimm,
483 399 568 465 ens
587 400 695 462 anien
708 399 825 461 ntum
840 401 958 463 antae
977 403 1087 470 ,emur
1101 413 1213 484 poan.
1247 436 1251 443 -

110 494 174 552 tiae
189 491 339 550 desierant
355 511 434 569 esse,
455 489 589 552 Thebani
612 498 717 568 contra
738 487 778 546 ad
796 507 943 548 summum
959 486 1119 568 imperinm
1131 492 1213 551 cals-
1296 558 1301 569 .

109 579 195 651 riter=
211 576 339 654 gradum
363 577 507 637 facientes
534 574 628 637 omni.
645 572 787 633 Graeciae
807 573 1004 653 impotentem
1025 574 1215 636 dominatum

112 661 326 736 minabantnr3
353 661 464 722 horum
486 661 592 720 odiam
615 668 646 718 at
668 667 766 719 metus
785 656 852 737 ipsa
868 657 1026 718 vicinitate
1045 658 1217 720 Thebarum

112 756 221 807 anctus
243 745 438 807 Athenienses
460 746 584 805 callidos
599 762 761 823 rerumque
778 743 893 822 peritos
906 744 995 803 facile
1006 764 1042 805 eo
1056 745 1255 825 parturiens

111 840 150 893 nt
170 831 210 891 ad
225 832 350 891 illorum
372 831 534 893 amicitiam
559 852 590 890 se
610 828 797 915 applicarent
826 848 896 888 cum
923 829 1022 909 iisque
1040 831 1217 892 ,societatem

113 918 340 994 coniungerent.
381 916 511 978 Atbaec
529 914 674 976 nimirum
688 912 779 975 nimis
793 932 868 994 naga
888 924 969 976 sunt.
1010 914 1112 994 Neque
1126 916 1217 975 etism
1305 976 1309 987 ,

112 1001 209 1081 magis
224 1010 307 1061 certa
321 1003 399 1061 ratio
419 1002 492 1061 iniri
507 1010 609 1082 potest
621 1021 660 1059 ex
673 1000 720 1076 iis,
738 1019 814 1081 quaa
833 998 944 1061 Orator
960 999 998 1059 de
1023 1001 1147 1081 publica
1164 1001 1216 1059 in·

112 1087 185 1168 opia
200 1086 387 1148 Athenarum
402 1095 429 1147 et
447 1086 590 1146 exhausto
605 1084 719 1146 aerario
735 1083 873 1163 queritur
886 1082 940 1166 ³¹¹).
963 1086 1141 1167 Opportune
1151 1086 1217 1146 ‘alia
1307 1138 1310 1145 ,

113 1171 234 1232 suntin
247 1181 387 1253 promtu,
411 1193 487 1252 quae
506 1193 563 1232 nos
588 1172 627 1231 nd
648 1169 745 1245 illud,
772 1169 856 1250 quod
879 1171 1066 1251 quaerimus,
1090 1171 1263 1256 propinatio

113 1258 238 1324 ducant.
279 1256 356 1316 Nam
368 1278 417 1317 res
431 1266 636 1317 memorantur
650 1255 840 1334 Olympiadis
858 1258 929 1329 105,
951 1255 1055 1336 Pydna
1074 1256 1241 1316 videlicet⁶

113 1351 147 1404 et
163 1334 305 1403 Potidaea
327 1363 344 1400 a
364 1341 503 1423 Philippo
522 1350 685 1421 occupatae
706 1348 736 1397 et
761 1338 903 1403 interitus
920 1337 1081 1417 Chabriae,
1109 1338 1162 1420 qni
1182 1340 1217 1400 in

112 1425 244 1509 primum
271 1420 385 1499 anunm
403 1427 479 1494 belli
501 1426 622 1507 socialis
642 1423 752 1485 incidit
774 1420 835 1505 ¹³³).
879 1423 957 1484 'iuni
978 1425 1037 1484 ulia
1059 1418 1257 1506 proximasti

116 1510 306 1593 Olympiadis
337 1521 540 1588 succurrunt,
565 1511 726 1590 Dionysius
747 1507 827 1568 filius
856 1529 872 1568 e
901 1529 993 1588 regno
1021 1510 1169 1590 expulsus
1197 1530 1216 1569 a

113 1597 212 1659 Dione
243 1606 274 1656 et
300 1597 402 1679 Leuce
429 1605 577 1677 mannus
603 1593 733 1675 Bospori
760 1602 797 1684 ut
823 1614 918 1672 quum
947 1595 1076 1654 maxime
1106 1594 1216 1677 opibus

111 1680 225 1741 florens
239 1692 327 1760 utque
344 1680 471 1761 imperio
487 1679 547 1759 ³⁴)
576 1680 670 1759 Atqui
681 1679 765 1738 huno
776 1678 943 1759 principem
957 1678 1078 1759 Olympss
1097 1683 1168 1755 106,
1185 1684 1216 1744 3.
1257 1753 1261 1763 Ι

111 1775 243 1850 mortem
264 1766 379 1825 obiisse·
393 1766 475 1847 apud
495 1765 663 1827 Diodorum
680 1764 840 1847 perspicue
849 1764 994 1826 traditum
1012 1775 1066 1847 est,
1108 1765 1170 1825 Iam
1182 1765 1216 1826 iu

110 1936 326 1957 *a

126 2102 129 2106 .
187 2052 261 2122 publ.
284 2052 441 2118 accessisse,
463 2069 480 2105 a
494 2050 625 2125 Dionysio
642 2059 670 2104 st
686 2049 747 2105 aliis
764 2051 907 2108 memoriae
926 2051 1063 2122 proditum
1079 2014 1145 2107 130
1163 2049 1217 2107 sed

183 2121 308 2175 hactenns
324 2122 399 2183 haec.
437 2161 443 2172 .
820 2129 823 2135 ’
1131 2164 1135 2169 .

131 2221 194 2290 »82)
213 2228 286 2277 Orat.
301 2243 329 2294 p.
337 2221 399 2290 464,
414 2221 457 2284 15.
465 2219 525 2289 492,
536 2220 562 2285 8.
582 2208 811 2277 Cuntinnetnmen
822 2223 890 2277 haec
898 2224 1008 2288 faciant,
1020 2223 1158 2279 ntrerssri
1165 2223 1218 2276 tibi

184 2293 299 2345 ridearis
323 2294 493 2362 intempore
513 2292 578 2346 belli
595 2293 703 2345 socialis
723 2293 767 2346 vel
804 2293 904 2346 roiime
922 2294 1052 2348 insecuto.
1086 2294 1131 2345 stc
1154 2310 1219 2344 vero

183 2363 288 2414 mireris
303 2366 456 2428 Oratorem,
475 2354 498 2413 ii
518 2362 552 2412 ds
568 2362 697 2415 classibus
706 2311 802 2429 'turpi
807 2361 988 2428 συμμοριῶν)
1006 2363 1093 2414 oravit
1113 2362 1219 2480 olymp.

185 2430 245 2494 106,
262 2429 299 2498 8.,
315 2448 384 2501 quas
396 2431 518 2498 Dionysii
537 2431 623 2482 Halia.
643 2431 774 2482 sententia
795 2441 850 2494 est,
869 2449 921 2501 qua
935 2430 1045 2481 tandem
1065 2429 1190 2482 rationei
1208 2430 1220 2481 i

73 2542 79 2552 .
183 2517 212 2568 p.
225 2497 285 2553 186.
296 2502 325 2551 G.
345 2496 539 2568 [sdlt'rsncotl
556 2499 657 2551 Atticas
667 2515 731 2568 opes
741 2501 836 2552 ceteris
847 2499 998 2551 civitatibus
1004 2516 1088 2568 prope
1097 2498 1220 2551 omnibus

184 2570 354 2690 aequipatriqre
356 2569 560 2688 ‹potqetrituqed
567 2569 607 2621 ita
614 2586 692 2688 savepe
700 2573 824 2689 Oqatpirtea
830 2569 959 2639 temporis
967 2569 1105 2701 magands
1109 2568 1220 2689 ¹ilieppblo.

172 2656 264 2760 ’0.ῗί
276 2656 517 2776 11112111.
528 2655 618 2769 tt?
626 2656 870 2761 ..ittfflnttt
880 2656 977 2760 ”tt
985 2655 1220 2778 ...tima
1283 2673 1301 2757 J

183 2794 264 2847 qnam
280 2793 406 2828 summam
425 2775 565 2844 quotannis
583 2775 612 2826 in
629 2792 686 2896 rap.
702 2775 914 2840 Attica-reditus
933 2775 1033 2845 publici
1045 2775 1220 2840 confecerint,

184 2861 272 2912 neque
291 2862 324 2896 ex
343 2845 499 2896 Oratoribus
517 2862 582 2907 nec,
600 2860 652 2914 qno
692 2845 786 2908 sciam,¹
799 2846 906 2898 aliunde
918 2846 1013 2914 liquet.
1049 2844 1126 2895 Gerte
1141 2846 1219 2897 locus
1269 2875 1272 2881 ·

183 2915 213 2967 in
224 2912 340 2983 Philipp.
356 2915 403 2969 Ν.
419 2932 446 2981 p.
467 2914 526 2965 100.
536 2915 589 2979 'E.,
607 2914 654 2964 ubi
671 2915 812 2983 vectigalia
826 2915 941 2967 civitatis
958 2930 1086 2968 summam
1103 2910 1156 2966 130
1173 2923 1219 2967 te-

183 2983 287 3036 leanim
309 2996 363 3034 non
383 2999 510 3051 superare
527 2983 669 3048 dicuntur,
695 2983 728 3035 ad
749 2985 887 3053 superiora
904 2995 1022 3052 ternpora
1041 2983 1176 3052 pertinet,
1194 2981 1218 3034 si

185 3070 239 3121 quu
255 3051 361 3104 omnino
385 3051 511 3103 lides‘ast
531 3052 651 3103 Orationi
672 3051 727 3117 illi,
751 3070 829 3122 qnam
847 3054 1000 3106 Orationem
1018 3052 1219 3115 Valckenarius,
1250 3076 1253 3085 ¹

158 3150 170 3167 f.
203 3121 264 3172 lane
275 3122 319 3171 ine
332 3118 480 3186 probante,
497 3130 647 3186 'suspectam
658 3122 740 3173 habet
754 3124 783 3172 in
796 3125 860 3186 Not.
878 3124 911 3174 ad
923 3124 996 3174 Orat.
1014 3138 1089 3174 snam
1104 3121 1138 3174 ds
1151 3121 1219 3174 Phi-

183 3138 263 3258 lippe
280 3182 387 3239 Maced.
402 3204 430 3254 p.
447 3187 508 3238 251.
542 3190 628 3240 Multo
648 3192 736 3257 petius
748 3191 828 3245 fidem
847 3192 994 3244 habendam
1006 3202 1098 3259 putem
1115 3189 1219 3243 auctori

184 3259 256 3310 inter
266 3255 424 3310 Platarehea
443 3254 479 3305 de
491 3255 562 3306 Vitis
576 3259 604 3306 X
619 3261 680 3306 Otr.
698 3259 732 3308 T.
750 3257 896 3326 11qu8st
912 3263 954 3323 E.,·
972 3261 1017 3326 qni
1027 3268 1125 3322 namet,
1142 3258 1219 3308 redi-

185 3337 230 3378 tus
242 3344 258 3378 a
271 3328 395 3395 Lycurgo
407 3333 506 3376 anctos
514 3340 572 3375 esse
583 3323 617 3375 'ad
632 3323 701 3390 taut)
715 3326 852 3391 talentdm,
871 3344 950 3395 quum
961 3325 1037 3394 prins
1047 3326 1161 3378 luissent
1173 3325 1218 3378 60.
1261 3388 1263 3393 Ι

184 3397 254 3449 Nam
275 3395 447 3447 coniecturae
466 3386 577 3444 Meursii
594 3392 628 3446 de
645 3395 719 3446 Fert.
742 3397 799 3445 Att.
818 3413 841 3450 c.
863 3395 889 3448 7.
914 3412 968 3448 non
988 3396 1099 3446 multum
1119 3395 1228 3449 tribuo.¹

108 3493 118 3513 .-
174 3464 218 3516 'ld
234 3476 298 3515 vero
316 3463 383 3514 milri
399 3460 459 3514 ‘non
476 3460 584 3514 dubium
604 3471 662 3527 est,
680 3463 814 3532 Lycurgi,
833 3465 878 3533 qui
898 3469 995 3517 Orator
1015 3482 1064 3534 per
1081 3464 1115 3518 12
1134 3481 1219 3517 annos

156 3532 289 3584 -·aerariu
306 3531 435 3599 praefuit,
458 3530 714 3584 administrationem
732 3530 801 3586 hanc
821 3535 934 3602 tempori
955 3532 1140 3602 'assignandam
1160 3552 1219 3586 esse

158 3616 161 3623 ·
188 3603 318 3653 oratione·
332 3609 422 3652 nostra
434 3601 593 3669 posteriori,
618 3601 657 3652 ita
680 3611 710 3653 ut
727 3601 796 3654 bona
813 3613 874 3655 vota
891 3602 1076 3655 Demosthenis
1096 3613 1220 3664 eventurn,

187 3667 443 3738 snum-potissimum
453 3686 502 3736 par
516 3669 587 3721 hunc
604 3669 689 3721 virum
703 3671 828 3724 habuisse
845 3672 994 3725 videantur.
1027 3674 1068 3723 Da
1083 3673 1145 3723 eiu's·
1155 3690 1219 3725 cura

90 3755 95 3761 ·
185 3739 356 3807 vectigalium
378 3738 493 3807 reipubl.
509 3738 721 3792 fructuosissima
744 3741 807 3792 vide
852 3743 952 3794 uamvis
981 3740 1090 3792 diverse
1110 3751 1217 3792 narrata
1326 3766 1328 3776 ·

185 3807 401 3877 apudPlntsrch.
418 3807 439 3859 l.
458 3825 481 3858 c.
494 3824 522 3874 p.
536 3803 594 3860 841.
607 3811 635 3861 B.
649 3819 675 3861 et
691 3808 752 3865 852.
767 3812 796 3863 B.
811 3759 871 3862 mill.
886 3809 995 3880 Taylori
1008 3810 1096 3862 Praei.
1109 3808 1144 3862 ed
1156 3812 1215 3878 Ly·
1295 3849 1302 3883 ·.

186 3877 262 3945 cnrgi
278 3880 353 3927 Orat.
369 3885 396 3927 et
409 3875 574 3944 Wesseling.
584 3876 619 3929 ad
634 3879 712 3930 Diod.
725 3880 778 3933 Sic.
790 3882 863 3943 XVI,
877 3879 922 3933 88.

35 3926 39 3935 ’
107 3968 119 4001 ³
139 3959 195 4026 sn
213 3961 276 4016 nn
294 3978 322 4028 p.
333 3958 395 4025 ne,
409 3959 452 4015 15.
462 3972 496 4014 -e
513 3982 544 4032 p.
558 3960 619 4032 est,
638 3962 727 4035 mn
740 3965 779 4018 nn
791 3964 939 4018 commen.-

148 4040 198 4114 84)
214 4047 278 4102 vid.
289 4064 316 4121 p.
330 4047 394 4110 506,
403 4047 447 4099 22.
458 4056 527 4116 etp.
538 4044 604 4114 466,
618 4051 660 4103 12.
674 4068 748 4120 seqq.
777 4050 818 4101 ibi
836 4051 864 4102 in
877 4050 1070 4105 Commentario
1081 4050 1215 4123 legantur,

123 4148 127 4155 -
186 4134 254 4186 qnae
270 4117 305 4167 de
318 4117 504 4168 hocLeucons
525 4120 631 4186 cognita
649 4120 783 4172 habemus.
800 4113 935 4187 ''Apzoaeu
950 4137 1010 4172 eum
1023 4123 1215 4193 Demosthenes

184 4186 313 4255 appellat,
337 4202 391 4239 non
406 4182 562 4254 τύραννον,
580 4190 678 4257 qnippe
691 4190 825 4241 hominem
836 4191 988 4257 ⁴gratiosum
1006 4198 1034 4241 et
1049 4209 1123 4255 enni,
1141 4193 1216 4244 c'uius

185 4254 464 4378 {premppptpomerits
476 4256 604 4339 extollere
619 4259 730 4383 ⁸333
739 4259 855 4381 gptrtinre
863 4259 962 4382 *qttig's
971 4260 1084 4383 ‘mihim
1096 4262 1215 4383 tartibs·-

217 4342 301 4378 econ
371 4342 529 4380 manamine
544 4343 628 4380 comm
730 4349 737 4381 .
784 4342 915 4396 assepns
956 4346 1016 4382 cruu
1067 4342 1179 4384 meres.
