2730 4746
304 180 1034 338 ‚aoxoaaaaavmapiiuru-
1175 234 1219 294 ro
1313 267 1317 271 ›

60 394 63 437 ÷
125 401 160 463 ιδ
173 399 307 458 indicem
323 398 459 476 relegata
501 396 657 476 Vulgatam
672 397 854 477 datquidem
864 397 990 475 August
1011 401 1142 477 primus,
1165 399 1219 459 sed

125 485 356 563 connectione,
385 492 502 541 vetusta
523 484 686 564 scriptura
697 505 795 557 erasa,
828 503 902 586 quae
927 484 1048 542 videtui
1069 480 1219 561 α’ψευδεῑν

122 569 220 635 fixisse.
263 569 426 644 Utramque
443 566 603 626 lectionem
621 568 673 626 dat
687 569 859 626 Bavaricus.
882 559 1003 644 οἲψευδῆ
1022 578 1121 646 potest
1137 590 1217 646 quo-

66 653 278 712 4διιιιιιιιοδο
295 651 424 724 defendi,
445 652 560 710 scilicet
576 649 664 732 scirpo
674 651 726 712 aad
736 653 903 732 νομίσματα
918 676 969 712 και
959 647 1062 732 βάρη
1079 653 1157 713 δεῐ”
1140 675 1218 731 εχειν

119 741 264 842 προχειρῆ
280 733 312 822 *2
334 737 386 794 vel
404 737 464 794 tale
485 736 556 813 quid
578 735 793 795 subaudiendo.
843 737 1055 801 Verumtamen
1079 738 1217 815 praefero

120 812 883 925 ἆψευδεῗν,οοὶ11οοῐδεν**)(ὶοιιεῒιιιεῑὶοεεῐτ
911 816 1003 899 νόμον
1031 819 1218 898 [Ιιοοοοῒέυ

118 911 180 978 τοῖς
201 898 320 982 νόμοις]
354 898 526 984 γεγράφθαι
547 927 580 965 το
605 898 758 983 αψευδεῖν.
786 905 1001 962 abstinentiam
1020 927 1040 960 ιι
1058 904 1218 962 treudacio

116 1001 145 1047 et
156 986 324 1066 fraudem
339 987 457 1066 legibus
471 1010 531 1044 esse
544 1000 634 1066 atque
645 991 834 1066 imperatum
878 989 971 1047 Etsrc
989 1009 1107 1067 quoque
1124 989 1217 1048 Valc-

117 1073 180 1132 sius
204 1072 242 1130 ad
258 1072 437 1150 Harpocrat.
449 1093 479 1151 p
502 1073 569 1136 105
596 1073 691 1130 Possit
704 1093 824 1151 quoquc
838 1066 991 1151 οἷψεύδει
982 1093 1014 1131 ιιι
1037 1074 1218 1152 imperativo

115 1157 258 1216 verbi¹
220 1151 367 1234 δψευδεῖν
377 1156 445 1232 legi.
466 1157 586 1213 abstine
598 1168 625 1213 te
640 1179 660 1214 a
662 1154 786 1232 fraude
798 1169 825 1214 et
837 1156 1020 1214 mendacio
1008 1180 1041 1215 sn
1044 1161 1133 1232 foro,
1144 1158 1174 1216 h
1190 1179 1217 1217 e.

65 1287 68 1291 .
115 1241 151 1299 in
166 1241 306 1300 rebusad
326 1239 467 1298 emtiones
483 1250 571 1319 atque
583 1241 787 1315 venditiones,
812 1251 982 1300 contractus
995 1251 1024 1298 et
1040 1243 1217 1338 sponsiones

114 1325 346 1406 pertinentibus.
369 1346 465 1384 rursu
487 1326 581 1382 Naum
592 1330 656 1385 non
673 1325 749 1382 facio
765 1319 932 1404 αψευδη
899 1348 1000 1404 νυμον
1018 1326 1072 1383 etsi
1087 1327 1128 1383 ita
1142 1328 1216 1404 plu

113 1409 187 1469 rimi
204 1419 232 1466 et
247 1409 353 1486 scripti
369 1419 397 1465 et
411 1409 481 1466 editi
484 1409 657 1484 ,laudoquc
671 1408 824 1504 Wolfium,
847 1411 929 1487 quod
945 1410 1064 1468 eFelic.
1075 1420 1218 1469 nostrum

80 1486 90 1508 i
113 1494 246 1552 reduxit.
272 1493 421 1571 Imposmt
430 1493 561 1550 librariis
575 1493 781 1550 infinitivus
759 1514 802 1550 sio
815 1503 883 1579 ante
894 1518 986 1590 νομον
999 1496 1123 1586 positus.
1147 1494 1214 1551 Tali

83 1576 216 1674 [autem
239 1573 329 1635 modo
351 1579 412 1634 fere
433 1586 559 1635 utuntur
581 1575 702 1651 Graeci,
732 1578 782 1635 vel
808 1569 985 1636 accusativis
1007 1564 1130 1654 addiio,
1163 1577 1216 1636 vel

114 1662 205 1720 etium
221 1663 300 1736 solo,
323 1681 415 1738 quum
429 1661 501 1737 legis
523 1670 576 1717 aut
589 1658 801 1757 psephismatis
823 1664 969 1720 sententia
992 1664 1122 1720 breviter
1137 1663 1213 1720 affe

112 1747 210 1806 rende
234 1755 293 1818 est,
322 1765 384 1845 quo
405 1765 462 1802 usu
488 1742 595 1802 nibil
586 1765 619 1802 in
637 1745 698 1803 hoo
718 1766 823 1821 genere
847 1748 1008 1810 solennius
1058 1748 1102 1804 Itu
1121 1743 1215 1825 νόμος

113 1825 264 1907 ἀψευδεῖν
285 1838 330 1886 est
349 1823 440 1906 νόμος
462 1829 599 1905 περὶτοῦ
618 1823 778 1925 οἷψευδεῖν,
800 1850 858 1888 nec
877 1831 1031 1888 subaudiri
1049 1832 1136 1889 debet
1156 1833 1213 1891 δεῖ.

113 1913 177 1972 Sed
198 1922 322 1993 propter
339 1913 453 1970 Reiskii
467 1922 585 1969 notam
579 1914 664 1970 mire
680 1913 862 1988 ingeniosam
878 1915 1055 1992 apponenda
1074 1913 1192 1971 haec'
1161 1932 1214 1971 υι-

113 1997 231 2058 ἃοιιῒιιι·
250 1997 340 2055 latine
364 2017 469 2053 versa:
507 1999 615 2054 Nonne
639 1990 830 2053 inhonestum
847 2009 904 2072 est,
933 2018 1027 2075 quum
1052 1999 1115 2076 lege
1136 2000 1177 2054 sit
1192 2018 1215 2054 a

110 2080 207 2142 vobis
219 2092 350 2154 cautam,
371 2103 407 2137 ne
420 2083 496 2158 quis
505 2083 620 2155 insero
637 2091 664 2136 et
675 2083 707 2138 in
722 2102 784 2138 mer
785 2082 870 2139 cidus
884 2080 1015 2139 emendis·
1027 2081 1214 2141 vendendis-

113 2164 301 2246 quefraude
316 2176 426 2243 ageret,
449 2165 560 2243 qzcibzaa
575 2176 673 2222 tomen
691 2169 723 2222 in
742 2167 874 2223 rebus'
844 2190 873 2223 οι
889 2169 1055 2246 quasrnus
1070 2170 1214 2224 commit-

112 2252 203 2324 titur,
224 2271 299 2327 resp.
313 2250 396 2307 nihil
400 2248 572 2306 detrimenti
585 2253 705 2328 accipit,
714 2253 867 2328 populum'
884 2250 1043 2309 eundem
1065 2254 1078 2308 i
1080 2273 1213 2328 psum,

114 2336 174 2413 qui
193 2332 279 2390 illud
297 2335 403 2415 singul
402 2336 429 2390 is
447 2333 565 2390 civibus
586 2336 767 2407 ireiztnxerit,
793 2338 826 2390 in
840 2336 976 2411 publicis
996 2339 1127 2412 negotiis
1145 2357 1214 2391 eam

107 2419 210 2496 'legem
221 2439 282 2475 non
292 2439 421 2491 servare,
438 2416 530 2502 idque
540 2419 632 2472 etiam
647 2438 717 2473 cum
736 2438 847 2495 magno
859 2417 1034 2474 detrimento
1051 2421 1127 2474 arao?
1149 2419 1214 2476 Iam

111 2501 205 2560 simul
218 2501 333 2607 uideas,
357 2523 444 2580 quam
456 2493 557 2558 locum
569 2510 690 2558 enervet
710 2502 878 2559 Marklandi
900 2499 1118 2560 emendatio
1080 2526 1136 2586 την
1156 2495 1214 2564 πό·
1243 2524 1262 2560 ψ
1312 2521 1317 2533 “

111 2590 163 2647 λιν
169 2582 256 2665 ,τῆν
276 2580 368 2646 ου’τδν
389 2580 597 2660 ἐπιτάξασαν,
588 2585 675 2643 scil.
701 2583 755 2647 τόν
772 2581 884 2666 νόμον,
901 2587 1001 2644 etiam
1019 2586 1043 2646 s'i
1060 2597 1090 2644 te
1111 2588 1212 2644 minus

78 2728 90 2735 ,
113 2634 275 2728 offdnderit
290 2663 571 2748 trevirensium,
594 2670 714 2748 legem
702 2674 873 2749 iniungere,
892 2672 1103 2751 praescribere,
1127 2671 1212 2744 dare,

70 2819 73 2823 v
112 2755 198 2832 quod
209 2775 313 2832 graece
327 2755 401 2811 bene
417 2754 528 2811 dicio
493 2775 546 2831 ego
563 2754 676 2810 nemini
695 2757 823 2829 credam,
845 2776 883 2812 ne
894 2757 1069 2813 Marklando
1082 2757 1213 2833 quidem.

112 2838 234 2898 Porro'
224 2860 321 2917 1psam
336 2840 439 2914 legem,
442 2858 558 2941 quam
557 2847 658 2896 noster
669 2839 797 2916 attingit,
819 2850 848 2896 et
862 2839 945 2896 cuius
962 2829 1101 2896 custodes
1115 2839 1213 2896 Athe-

110 2922 162 2982 nis
180 2933 266 2981 erant
284 2922 413 2993 maxime
417 2915 627 3026 οἷγορανδμον,
654 2943 692 2980 ex
713 2924 865 3002 Hyperide
886 2925 990 2982 laudat
1011 2923 1238 3003 Harpocratio',

110 3007 152 3067 in
162 3027 231 3066 voc.
244 3003 319 3068 susci
332 3004 389 3085 miv
405 3001 518 3088 οἷγοροῖν
531 3001 684 3086 οἷψευδεῖν.
717 3009 757 3066 Et
772 3018 806 3067 ut
818 3008 894 3068 haec
910 3009 1053 3086 generalis
1072 3019 1134 3069 erat
1148 3011 1210 3083 lex,

109 3090 157 3165 ita
175 3092 251 3148 uliae
272 3091 398 3148 subinde
415 3092 510 3165 latae,
533 3112 609 3168 quae
624 3092 670 3150 ad
676 3090 799 3152 eandem
820 3103 936 3172 partam
949 3095 1064 3172 publici
1081 3094 1211 3168 ordinis,

108 3173 145 3234 h.
167 3195 192 3232 e.
214 3176 373 3233 adfurum
394 3195 493 3232 rerum
519 3176 767 3250 promercalium,
795 3187 972 3315 spectarent.
1023 3179 1082 3236 Sed
1102 3177 1211 3236 harum

109 3267 218 3317 tenues
238 3269 307 3316 sunt
327 3260 360 3317 in
373 3257 585 3336 scriptoribus,
617 3277 690 3334 quos
708 3257 867 3335 habemus,
889 3260 1045 3336 reliquiae
1075 3262 1159 3318 Conf.
1180 3261 1209 3367 S
1285 3309 1290 3325 ,

109 3343 204 3403 Petrtr
217 3344 273 3407 LL
288 3343 350 3401 Aa
363 3365 392 3422 p
409 3347 481 3407 495.
503 3362 549 3400 rr.
563 3364 592 3401 ι.
604 3360 718 3400 wour.

198 3429 349 3492 P..v459
348 3433 423 3496 2.1
446 3419 509 3504 ἐφ’]
533 3425 702 3504 QvAugust
717 3426 840 3506 primus
863 3448 959 3488 numu.
1273 3488 1301 3509 ,ἡ

86 3520 93 3524 “
136 3511 232 3571 .P.
247 3516 319 3578 459
331 3533 360 3572 v.
374 3517 425 3577 21
444 3505 499 3588 ἐφ’
513 3505 771 3590 oie-dedoctus]
800 3515 989 3578 Nimirum
965 3537 991 3573 m
1008 3537 1074 3593 quis
1092 3538 1125 3574 ιιι
1141 3519 1209 3578 foro
1254 3580 1256 3585 ,

80 3594 751 3674 »fruunturseumensu1a‚seuponder‚e
773 3619 826 3656 seu
843 3601 943 3677 aliqua
959 3621 1000 3672 re,
1024 3599 1190 3661 damnum
1180 3624 1208 3661 is
1267 3645 1274 3653 -

109 3681 187 3740 facit
211 3681 285 3765 ἰδίᾳ,
302 3683 470 3756 privatim,
503 3641 648 3763 δημοσίᾳ,
663 3681 800 3758 publice,
822 3687 939 3769 nullum
966 3686 1010 3744 fit.
1041 3685 1157 3780 Agitur
1171 3688 1209 3747 da

108 3764 258 3843 curiasque
270 3765 398 3843 pecmiia
413 3765 541 3845 privata.
561 3783 609 3822 ru.
624 3786 653 3836 n,
669 3785 768 3826 wour.
875 3776 881 3797 ⁷

152 3994 461 4067 *Ποίιιίεπρόχειον
469 3986 615 4055 scateret

154 4077 326 4150 >Multum
340 4087 455 4137 Fallitur
481 4079 615 4167 ἀψευδεῖν
635 4088 736 4141 enimn
761 4108 785 4142 t
804 4088 892 4159 νυμον
906 4093 944 4144 ita
951 4093 1072 4161 regitur,
1091 4094 1158 4146 nihil
1177 4080 1223 4147 ut.
1304 4119 1308 4122 ·

218 4154 425 4204 subaudiendum
439 4155 481 4204 sit
499 4147 738 4245 νομοςᾶψευδεῖν,
758 4162 802 4212 ein
820 4160 1064 4243 Geretzwahrhast
1084 4183 1136 4214 zu
1131 4184 1206 4249 seyne
1274 4216 1278 4221 ,

149 4266 156 4275 ,
217 4224 366 4290 Xenophon
379 4223 473 4290 Cyrop
492 4225 512 4272 t.
528 4219 554 4273 4.
569 4225 612 4276 28.
634 4219 673 4277 H
681 4225 727 4278 nat
748 4225 778 4280 ἐν
789 4226 917 4296 Πέρσαις
936 4223 1192 4299 νόμυςέστὶν
1158 4251 1237 4300 uu-

214 4295 412 4360 resumeretis
426 4291 567 4360 φιλεῖνς
585 4311 739 4349 acumem.
816 4362 818 4366 ι
1019 4351 1023 4361 ,
