2730 4746
1071 98 1078 108 “
1137 109 1145 139 r

351 189 1011 294 raanan-cnunraruur'an.
1190 228 1230 299 u

126 401 179 462 vel
195 409 323 483 propter
340 397 502 480 rempubl„
524 399 575 460 vol
592 400 744 478 mercede,
766 399 818 480 qui
832 408 898 461 tum
913 419 980 460 uros
992 405 1072 474 eret,
1094 399 1145 461 vel
1157 396 1230 460 vin·
1279 388 1282 393 ¹

127 489 200 547 culo
224 487 409 564 nescioquo
433 506 503 545 cum
521 486 576 545 iilo
595 487 775 547 coniunctus
797 483 856 567 ²5).
899 486 935 545 In
957 506 1015 564 quo
1038 485 1073 543 id
1093 485 1230 545 mirabile

127 573 261 649 accidit5.
285 571 367 651 quod
386 572 419 629 in
436 579 498 632 tam
518 571 607 648 longa
629 572 773 632 Oratione
797 591 837 631 ne
857 571 948 631 semel
966 569 1088 649 quidem
1112 568 1272 633 clientis&

126 678 241 717 nomen
259 657 400 734 legimus:
428 655 526 715 sicubi
541 657 743 717 nominandus
761 665 839 733 crat,
868 656 1012 717 Cbebsr'ec
1033 655 1116 715 filius
1136 652 1230 715 voce-

126 755 181 804 tur
193 739 251 820 ²⁶).
280 742 343 801 Sed
355 742 419 800 eius
427 788 431 795 .
439 741 495 816 rei,
514 761 593 819 quae
606 751 731 822 propter
744 762 877 801 caussam
893 740 984 800 hodie
1001 761 1127 820 prorsus
1140 740 1229 817 igno-

124 839 190 888 tem
204 828 272 887 ficri
290 827 405 907 potuit,
427 826 559 885 simodo
579 828 642 887 ulla
661 828 699 887 de
715 847 820 885 caussa
841 835 871 885 et
890 846 955 886 non
978 825 1105 889 fortuito
1125 825 1230 904 potius

126 917 208 973 factu
230 922 289 987 est,
320 913 404 990 cius,
428 911 570 989 inquens,
598 913 645 972 rei
667 912 800 972 rationes
818 931 944 991 operose
968 912 1126 990 exquirere
1150 911 1231 977 velle

126 999 261 1058 alienum
281 998 359 1057 duco
373 1005 409 1054 et·
420 1015 516 1076 prope
542 996 679 1077 ineptum
700 994 755 1078 ²⁷).
798 996 918 1057 Sufficit
936 1005 1054 1071 tenere,
1084 994 1271 1074 quoderat

126 1084 260 1163 Ulpiano
274 1092 305 1141 et
317 1081 438 1140 aliunde
448 1081 665 1158 cognoscimus,
677 1082 809 1161 Ctesippi
823 1101 932 1141 nomen
944 1081 1061 1140 homini
1073 1081 1166 1143 fuisse
1174 1077 1228 1161 ²⁸).
1247 1143 1252 1158 ι

126 1169 167 1229 Et
181 1167 330 1247 quidquid
342 1175 400 1241 est,
424 1165 461 1227 ab
481 1166 549 1244 ipso
561 1177 697 1243 auctore,
719 1164 932 1237 Demosthene,
952 1164 1086 1226 habitam
1103 1165 1228 1227 Oratio-

126 1274 196 1313 nsrn
220 1273 301 1328 esse,
328 1268 393 1310 nou
415 1273 433 1309 a
453 1250 517 1311 filio
551 1250 712 1328 Chabriae,
744 1253 827 1312 sicut
846 1251 971 1310 alteram
1000 1250 1227 1325 nPIrormicne,
1338 1274 1341 1283 ·

127 1359 190 1398 non
211 1338 250 1415 ab
269 1334 477 1417 Aphepsione‚
497 1335 531 1394 id
549 1356 589 1394 ex
608 1337 664 1413 iis,
691 1356 766 1415 quae
784 1335 930 1397 hactenus
951 1335 1065 1414 passim
1084 1335 1227 1415 diximus,
1244 1366 1251 1373 ·

124 1423 300 1505 plsnissime
313 1428 438 1502 apparet
458 1417 515 1499 ²⁹).
847 1434 851 1439 ’

201 1508 269 1569 'Sed
290 1518 360 1567 ante
383 1504 485 1567 onnia
502 1504 634 1568 breviter
654 1476 840 1582 docendum,
869 1525 930 1587 quc
955 1513 1092 1592 ternpus
1108 1504 1188 1567 actio
1207 1524 1227 1564 e
1250 1542 1262 1551 .,

124 1702 334 1720 *-

159 1832 203 1897 25)
221 1832 255 1883 Id
270 1828 402 1883 vinculum
417 1831 480 1882 olim
493 1828 616 1888 nonnulii
624 1839 752 1900 *putarunt
767 1850 881 1885 amorem
897 1833 987 1885 metris
1002 1832 1120 1902 Ctesippi
1133 1831 1224 1883 fuisse.

194 1905 260 1955 Rem
281 1911 369 1955 narrat
386 1898 521 1953 Plutarch.
540 1900 569 1951 in
584 1901 646 1953 Vita
658 1903 795 1955 Demosth.
816 1921 843 1969 p·
863 1900 923 1954 853.
948 1907 981 1954 A.
1003 1899 1060 1956 Τὸν
1075 1897 1149 1954 κατὰ
1158 1893 1226 1980 ’Aqu-

196 1969 367 2036 ατοναίπονος
383 1965 471 2030 αὐτὸς
490 1960 662 2035 ἠγωνίσατο,
686 1965 814 2023 καὶτὸν
840 1966 923 2035 περὶ
946 1970 1016 2023 τῶν
1041 1964 1226 2023 ἅπείειων

199 2035 247 2091 διὰ
260 2035 309 2091 τὸν
329 2034 457 2107 Χαβρίου
475 2037 566 2090 παῖδα
582 2033 762 2104 Κτήσιππον,
783 2032 820 2099 ὥς
832 2054 920 2106 ’φησιν
933 2031 1034 2123 critic·
1054 2033 1092 2099 ὡς
1106 2029 1136 2092 δ’
1154 2033 1226 2090 ἔνιοι
1334 2076 1337 2082 .

194 2105 314 2175 λέγουσι,
334 2105 386 2177 τήν
398 2103 503 2174 μητέρα
520 2104 573 2160 τοῦ
592 2108 738 2160 νεανίσκου
751 2103 910 2174 μνώμενος·
930 2104 964 2163 οὐ
977 2125 1035 2176 μην
1056 2105 1139 2177 ἔγημα
1152 2102 1226 2160 πανί-

166 2216 170 2223 ·
193 2194 256 2245 την,
280 2173 349 2231 ἀλλὰ
363 2178 459 2246 Σαμία
477 2174 532 2229 τινί
550 2194 575 2229 κ.
593 2194 617 2228 τ.
635 2179 659 2229 ί.
685 2179 760 2236 conf.
786 2176 893 2246 Ulpia‘n.
910 2178 944 2230 ad
964 2183 1037 2231 Oret.
1058 2197 1085 2247 p.
1100 2176 1162 2242 477,
1182 2176 1225 2230 12.

193 2253 229 2299 At
246 2245 312 2298 nihil
323 2248 400 2299 buius
415 2249 453 2298 rei
467 2246 548 2299 hebet
566 2246 711 2297 Dinarchus
728 2251 772 2299 Or.
792 2258 884 2299 contre
901 2249 1039 2301 Demosth.
1060 2266 1088 2316 p.
1104 2244 1160 2311 74„
1178 2244 1225 2296 ubi

192 2316 325 2368 orationes
346 2335 362 2368 a
375 2317 476 2368 Nostro
494 2315 562 2369 dicit
575 2315 696 2371 mercede
716 2316 878 2384 consumptas
899 2334 956 2369 esse
971 2309 1042 2386 deniq
1057 2315 1225 2383 Κτησίππου

191 2381 238 2437 καί
253 2383 416 2452 Φορμίωνος
428 2380 483 2436 »καί
504 2380 604 2449 ἑτέραν
620 2383 739 2436 πολλῶν.
781 2387 866 2446 Quem
882 2381 970 2436 locum
988 2386 1040 2436 huc
1057 2386 1225 2452 potissimum

92 2506 95 2510 ,
193 2455 281 2506 refero
299 2452 368 2506 nihil
388 2452 891 2516 muretusReiskiisnimadversicnnm,
909 2454 1015 2505 tametsi
1030 2470 1085 2505 non
1097 2453 1225 2520 negarim,
1303 2511 1305 2516 7

191 2522 283 2575 forsan
296 2524 325 2574 in
337 2523 397 2576 eliis
410 2539 514 2606 quoqne
528 2522 642 2587 caussis,
661 2539 725 2589 ques
744 2522 908 2590 ignoramus,
927 2523 1053 2591 Ctesippc
1068 2522 1156 2577 eidem
1167 2523 1225 2573 De-

191 2592 357 2644 mosthenem
369 2611 399 2644 se
412 2606 568 2658 ουνηγυρον
582 2590 740 2659 praebuisse.
777 2591 972 2653 Quidautem?
994 2591 1225 2645 Nihilne-caussae

129 2694 133 2698 -
191 2660 244 2711 fuit
262 2661 410 2723 Dinarcho‚
429 2679 475 2713 cur
493 2661 558 2714 duos
576 2662 643 2712 istos
662 2676 694 2717 ex
712 2669 754 2717 tot
768 2660 835 2711 aliie.
848 2660 1009 2713 nominarit?
1023 2663 1115 2723 ,Immo
1134 2670 1225 2730 patens

190 2730 289 2780 ruisse.
309 2732 386 2781 Certe
398 2730 584 2784 Phormionie.
602 2729 645 2795 qui
657 2728 777 2780 Pasionis
790 2728 841 2779 fuit
853 2728 966 2780 libertus
984 2739 1011 2780 et
1023 2729 1142 2782 diversus
1153 2729 1225 2782 hund

190 2796 270 2849 dubie
284 2798 318 2849 eb
333 2816 381 2860 ec,
399 2799 487 2868 quiin
501 2803 546 2851 Or.
559 2791 630 2864 derio
651 2795 765 2850 δανείου
781 2797 969 2864 compelletur,
985 2798 1152 2851 Phormionie
1168 2799 1224 2866 igi·
1304 2836 1306 2840 .

190 2875 235 2918 tur
250 2866 324 2917 illins
341 2867 516 2935 patrocinium
536 2867 663 2919 dedecori
682 2867 765 2919 fuisse
781 2865 898 2930 Nostro,
911 2903 914 2909 ·
924 2877 999 2934 petet
1018 2885 1049 2917 ex
1070 2868 1140 2919 Plut.
1162 2867 1182 2917 l.
1201 2885 1224 2918 c.

209 2934 289 2989 «852.
302 2938 344 2999 lt,
361 2946 388 2987 et
400 2936 540 3003 probabile
551 2936 628 2988 nobis
641 2936 672 2987 fit
682 2952 713 2995 cr
725 2935 784 3002 ipsa
796 2938 870 2993 Orat.
883 2953 932 3003 pro
947 2935 1108 2997 Phormione
1122 2953 1150 3005 p.
1156 2934 1224 2990 '958.

187 2953 245 3068 fed.
262 3001 396 3070 Pronnoi]
417 3015 444 3056 et
457 3005 557 3056 duabus
571 3023 646 3074 seqq.
660 3005 688 3057 in
699 3005 870 3073 stephanum.
968 3044 973 3053 ..

151 3086 198 3152 ru
215 3087 277 3143 ria.
296 3107 324 3158 p.
340 3088 402 3154 νον,
419 3091 444 3143 ν.
462 3087 522 3155 479,
542 3091 584 3143 17.

153 3173 199 3240 27)
218 3175 294 3243 Apud
307 3175 403 3239 Athen.
419 3178 464 3228 IV.
475 3187 503 3242 p.
518 3175 579 3229 166.
592 3179 627 3228 B..
636 3184 676 3226 est
688 3176 817 3243 suspicio,
835 3176 935 3230 invenis
950 3194 1047 3230 nomen
1061 3176 1094 3230 eb
1110 3181 1223 3229 Oratore

154 3308 157 3313 ν
188 3245 303 3296 colatum
323 3244 357 3296 de
378 3243 509 3295 industria
533 3260 591 3297 esre
611 3244 651 3306 ob„
664 3244 719 3293 eius
742 3247 874 3312 publicani
893 3264 924 3298 ex
941 3247 1058 3297 moribus
1077 3247 1223 3296 infamiam.
1286 3242 1292 3250 ’

77 3318 81 3323 ’
189 3315 253 3366 Non
265 3315 293 3379 id
307 3314 428 3383 equidem
442 3320 597 3381 arroganter
609 3311 711 3374 reiicio,
729 3314 778 3362 sed
793 3313 933 3364 admodum
948 3314 1069 3372 dubitare
1082 3329 1125 3364 me
1135 3315 1223 3365 fateor
1286 3327 1289 3332 ·

139 3410 144 3418 ι
188 3392 301 3450 propter
317 3401 355 3445 ec,
385 3400 435 3434 nee
444 3381 534 3451 pusillo
548 3389 608 3432 ante
621 3380 655 3430 de
666 3379 829 3447 temporibus
840 3382 943 3450 scripsi.
967 3383 1076 3434 Penitus
1090 3383 1222 3450 suspicio-

187 3468 250 3501 nem
257 3451 344 3503 reiicit
352 3402 496 3520 Uipiamad
504 3446 598 3518 p.457,
606 3448 632 3502 2.
651 3449 703 3512 Qui
712 3467 789 3516 quam
798 3451 854 3518 ipse
863 3451 939 3520 effert
951 3453 1090 3516 rationem,
1099 3471 1129 3504 ea
1141 3454 1222 3505 satis-

187 3519 276 3581 facere
295 3522 409 3572 fortasse
428 3518 561 3571 videbitur
581 3518 630 3582 iis,
653 3518 768 3587 quirem
788 3519 860 3571 sorte
880 3521 937 3572 ficri
954 3522 1220 3589 potuisscvnegs'rint.

187 3588 265 3639 Nam
278 3600 304 3641 et
319 3589 383 3641 aiibi
394 3590 505 3657 legimus
523 3604 619 3658 pueros
641 3598 667 3638 et
686 3584 882 3653 adolescentes,
902 3590 1040 3641 nullodum
1058 3609 1105 3643 suo
1125 3593 1221 3644 meritc

132 3657 137 3661 ’
168 3659 170 3663 ”
191 3656 288 3725 clircs,
304 3659 455 3726 vulgo-'non
468 3659 537 3723 suis,
556 3657 603 3709 sed
617 3667 722 3726 patrum
736 3656 884 3710 nominibus
897 3659 1055 3728 appellatos.
1152 3707 1157 3720 ,

132 3800 136 3805 ,
153 3740 199 3806 28)
215 3744 260 3810 Iis,
277 3738 433 3814 qucet'estes
442 3744 503 3795 dedi
513 3745 541 3793 in
556 3742 770 3795 antecedentibus
782 3744 862 3807 nutis,
875 3745 978 3797 accedit
985 3745 1093 3797 tristid.
1104 3748 1222 3799 Deciern.

188 3814 267 3882 Lept.
288 3812 395 3878 §.107.
429 3813 486 3865 Etsi
507 3812 545 3863 ibi
566 3811 718 3880 Καλλίππῳ
735 3821 776 3863 est
793 3812 822 3864 in
846 3814 910 3867 God.
932 3816 1014 3869 Marc.
1033 3814 1133 3869 'flecte
1151 3817 1222 3871 vidit

187 3882 341 3946 morellius,
359 3881 542 3950 quidlibrario
558 3891 620 3933 ante
632 3881 723 3933 oculos
739 3881 827 3935 fuerit.
1158 3882 1161 3891 '

152 3965 198 4030 29)
220 3967 433 4037 Animadvertere
447 3967 477 4017 id
496 3984 593 4034 operae
614 3967 705 4035 putavi
723 3978 834 4034 propter
850 3968 1054 4033 Androtianam,
1079 3970 1219 4024 Timocra-

187 4046 267 4099 team,
282 4038 498 4102 Aristooretcem,
516 4037 580 4088 elias
596 4037 625 4087 in
642 4036 859 4104 privatiscaussis
872 4056 887 4089 a
901 4039 1000 4089 Nostro
1013 4036 1135 4107 scriptas,
1153 4040 1217 4110 quse
1316 4069 1318 4075 ·

188 4102 339 4166 constetin
357 4116 510 4174 suggestum
528 4101 650 4159 attulisse
668 4122 730 4170 eoa,
749 4105 842 4172 quibas
855 4106 969 4172 scriptae
991 4118 1089 4164 essent.
1120 4111 1152 4162 In
1168 4110 1216 4160 teli

207 4191 286 4225 encre
304 4175 461 4240 cavendum,
486 4192 520 4225 ne
541 4184 640 4239 temere
659 4188 703 4236 ee,
721 4192 790 4242 quae
803 4185 865 4227 sunt
879 4175 990 4226 aliorum
1011 4185 1038 4228 et
1052 4178 1217 4239 diversorum

187 4192 338 4306 domiuum,
353 4242 391 4297 nd
407 4242 737 4312 Demosthenemeiusque
755 4261 798 4295 res
812 4261 844 4298 eo
858 4245 938 4296 vitam
952 4244 1104 4300 referamus.
1127 4248 1216 4303 'Non-

187 4329 320 4382 nunquam
335 4312 363 4364 id
376 4311 811 4371 uvirisdoctisfactunrsidimus.
849 4320 852 4327 ‘
1023 4327 1025 4331 ’
1190 4332 1195 4343 ·
