2730 4746
672 72 686 119 l

46 168 52 182 ’
100 192 118 291 ³.
167 224 189 287 4
363 222 1082 289 aa.t.wotr11esorrc0uaua
1143 198 1148 213 ’“

166 410 283 470 genere,
299 391 383 471 quod
394 391 548 453 libatores
552 393 652 472 giaeci
662 393 890 476 mittemini
904 396 1133 472 'declamationes
1147 405 1268 456 vocant.

166 478 201 536 ld
223 498 315 556 genus
342 479 416 555 ierex
427 479 542 558 triplex
561 481 630 558 fuit.
672 482 748 540 Nam
772 482 825 540 alii
840 483 923 553 sein
940 482 1019 542 fietis
1034 481 1214 559 argumentis
1239 491 1269 540 et

50 636 56 649 .
95 573 104 645 ,'
165 563 388 641 quaestionibus
404 563 533 623 infinitis
556 566 750 642 exercebant,
774 568 832 642 ita,
862 577 898 626 ut
912 589 985 646 quas
1003 589 1050 626 res
1070 567 1190 646 iugenio
1214 588 1268 627 suo

164 648 362 728 reperissent,
386 667 435 720 eas
458 649 509 707 vel
528 649 679 710 laudando
694 652 889 729 extollerent,
913 642 964 711 vel
977 653 1144 730 affligerent
1162 655 1268 731 repr'e-

21 794 26 802 ,
122 738 156 793 35
166 731 336 810 hendendo,
359 733 487 792 velatio
512 737 797 813 quocunquemodo
814 745 986 796 necterent.
1029 736 1092 796 Alii
1106 758 1192 796 veras
1211 737 1268 795 sibi

163 838 211 878 res
230 829 260 878 et
274 838 390 876 caussas
403 818 568 892 sumebant,
592 840 630 878 ex
643 821 787 880 memoria
799 821 987 901 'antiquitatis
999 823 1179 902 plerumque
1189 822 1267 901 peti.

163 912 228 979 tas,
249 904 282 967 in
302 904 487 979 accusando,
506 903 543 962 in
562 904 768 981 defendendo,
789 907 824 964 in
846 907 925 964 bello
948 902 1049 986 aliquo
1075 917 1126 964 aut
1147 907 1285 966 foedere‘

162 1008 217 1048 seu
242 988 395 1048 suadendo
417 1009 469 1046 seu
491 988 706 1066 dissuadendo,
731 992 765 1051 iu
787 991 992 1069 describendis
1015 992 1148 1055 moribus
1166 990 1266 1050 homi-
1349 1018 1357 1027 “

162 1093 249 1148 num,
271 1074 362 1149 locis,
384 1070 570 1152 regionibus,
593 1064 745 1155 oc'cupati.
786 1077 847 1135 Sed
865 1075 983 1134 'talibus
1007 1076 1040 1134 iu
1061 1077 1149 1136 rebus
1172 1097 1266 1156 quum

84 1193 91 1211 .
163 1158 200 1216 de
214 1179 268 1217 suo
286 1158 413 1238 quisque
426 1158 562 1234 adderet,
585 1159 736 1239 demeret,¹
748 1170 877 1235 mutaret
893 1161 1037 1240 denique,
1058 1162 1169 1241 partim
1187 1162 1265 1220 scri·
1328 1207 1334 1213 „

161 1243 252 1302 bendi
272 1243 385 1304 ardore
398 1242 556 1322 abreptus,
572 1245 689 1323 'partim
703 1255 801 1321 metu,
823 1256 862 1305 ne
881 1255 983 1306 vetera
998 1255 1027 1304 et
1039 1247 1159 1322 vulgata
1175 1266 1281 1326 repe-.
1336 1267 1344 1274 ·

157 1329 246 1387 tendi
263 1328 424 1404 necessitas
438 1327 560 1386 laudem
573 1329 688 1407 ingenii
702 1331 848 1390 auferret:
870 1333 958 1412 saepe
977 1331 1050 1389 adeo
1067 1330 1122 1389 sub
1140 1331 1266 1390 illorum

160 1413 298 1471 manibus
317 1412 428 1470 veritas
443 1411 622 1487 mutabatur,
645 1421 680 1471 ut
700 1414 852 1473 dissimilis
868 1416 954 1475 fieret
971 1416 1032 1491 sui3
1056 1436 1115 1493 quo
1131 1415 1167 1473 de
1181 1417 1265 1474 sonte
1342 1481 1347 1492 ‚

159 1496 310 1576 hodieque
323 1495 482 1575 splendida
498 1497 643 1574 quasdam
662 1498 817 1563 mendacia
832 1500 866 1555 in
878 1499 1015 1558 historiis
1031 1499 1175 1559 resident.
1195 1499 1264 1561 Duo

159 1592 261 1641 auteur
281 1601 405 1659 genera,
429 1600 503 1659 quae
517 1579 590 1658 dixi,
612 1581 732 1638 tametsi
752 1576 818 1640 tum
834 1572 964 1640 maxiine
981 1583 1089 1642 studiis
1106 1582 1263 1642 hominum

157 1667 316 1742 florebant,
339 1686 434 1745 quum
448 1664 506 1723 iam
521 1665 701 1747 eloquentia,
723 1666 860 1746 antiquae
872 1666 1020 1726 libertatis
1034 1667 1165 1745 alumna,
1188 1688 1263 1726 cou-

157 1753 293 1811 ticuisset
325 1773 360 1810 ac
382 1752 448 1809 soro
471 1748 626 1824 cessisset,
650 1749 807 1826 dominatu
826 1746 933 1830 regum
950 1750 987 1810 de
1007 1753 1182 1833 principatu
1207 1773 1261 1811 suo
1334 1756 1338 1761 ’

158 1838 295 1918 detrusa:
318 1845 419 1894 tamen
441 1834 493 1892 diu
508 1844 576 1893 a'nte
594 1834 629 1893 id
647 1845 767 1914 tempus
782 1845 813 1895 et
830 1837 955 1896 fuerunt
975 1837 1044 1912 illa,
1066 1848 1096 1897 et
1116 1837 1263 1897 honorem
1321 1881 1324 1885 .

116 1921 328 1982 rehabuerunt
344 1919 383 2001 ²).
425 1919 531 1978 Postea
554 1920 699 1979 successit
714 1932 797 1981 nova
812 1920 979 1981 Rhetorum
997 1922 1091 2000 statio,
1114 1943 1187 2001 quae
1198 1943 1262 1982 non

155 2008 227 2084 satis
242 2006 366 2081 habens,
383 2005 554 2091 discipulos,
566 2006 605 2064 ad
616 2005 788 2064 universam
803 2005 999 2065 imitationem
1011 2017 1147 2066 veterum
1162 2009 1262 2067 infor-

136 2162 139 2167 ·
155 2112 265 2168 mane„
277 2091 403 2154 auderet
418 2089 507 2148 etiam
529 2089 607 2168 ipsa⁶
618 2101 809 2169 argumenta,
833 2111 908 2171 quae
922 2091 1034 2151 abillis
1060 2091 1261 2171 celebritatem
1309 2084 1312 2088 Δ

156 2177 352 2258 accepissent,
367 2175 409 2237 in,
419 2183 571 2233 certamen
587 2175 739 2253 quoddam
752 2195 931 2255 proponere.
957 2171 1146 2258 Confideutes
1158 2173 1260 2257 homi-

154 2280 207 2325 nes
236 2263 320 2324 dicas
340 2260 450 2339 suique
463 2269 503 2324 ¹et
524 2268 695 2339 temporum
726 2281 852 2340 suorum
874 2261 999 2343 oblitos,
1035 2260 1088 2339 qui
1107 2270 1260 2340 putarent,
1293 2316 1297 2331 ,

150 2369 220 2427 vram
250 2348 285 2408 in
316 2346 377 2413 fori
400 2346 470 2408 luce
499 2343 533 2404 vi
560 2343 740 2425 capitalium·
758 2338 964 2425 ingeniorum·
978 2344 1102 2410 Graecia
1132 2345 1261 2411 florente

152 2434 335 2505 illustratam
359 2429 601 2494 intortis-onum
625 2426 731 2497 manus
758 2429 856 2490 denuo
878 2431 913 2489 in
940 2431 1118 2490 umbraculo
1139 2429 1261 2491 scholae
1296 2450 1307 2459 ·

151 2517 425 2598 attendamus·
465 2515 524 2586 Sed
541 2515 601 2595 ipsi
613 2514 666 2574 hic
682 2534 801 2594 quoque
817 2514 953 2591 magistri
972 2535 1036 2572 sese
1059 2515 1152 2573 duces
1167 2535 1260 2595 prae-

151 2603 284 2671 buerunt
312 2601 405 2684 primi
433 2609 586 2674 certamen
617 2594 690 2660 artis
720 2599 862 2677 ingressi,
899 2618 956 2681 nec
988 2599 1149 2663 defueram
1183 2599 1259 2675 clari

151 2689 320 2770 sophistae,
338 2686 499 2768 quianimi
513 2694 616 2761 caussa
629 2686 662 2744 in
674 2684 850 2764 Philippum
863 2683 1065 2764 Macedonem,
1077 2683 1111 2741 iu
1124 2678 1259 2762 Midiam,

150 2775 186 2841 iu
202 2773 361 2851 Catilinam
379 2772 461 2837 intra
472 2772 607 2858 parietes
622 2791 693 2838 suos
711 2769 946 2828 declamitarent.
973 2769 1022 2828 Ex
1041 2787 1136 2848 eoque
1152 2763 1265 2847 geneie'

152 2856 326 2943 exemplum
350 2857 410 2921 hoc
434 2867 478 2919 est
502 2851 661 2933 Aristidis,
696 2853 980 2916 libatoria-saeculo
1004 2854 1042 2913 Π.
1068 2853 1257 2927 nobilissimi,
1324 2918 1333 2927 ..

129 2951 132 2956 '
154 2938 238 3026 quod
253 2944 375 3006 tandem
388 2941 448 3005 iam
461 2941 591 3022 illustri,
618 2942 709 3028 quota
722 2938 845 3035 dudum¹
860 2937 1033 3017 affectabat,
1053 2937 1122 2998 loco
1137 2935 1266 3028 repeti-j

160 3292 163 3300 .
182 3290 186 3299 ,
219 3252 375 3307 Phormioni
390 3254 418 3306 et'
432 3253 618 3316 Demostheni,
636 3254 682 3324 qai
701 3256 788 3331 legem
801 3249 967 3316 Lepttneam
983 3245 1185 3327 imppgnarant,
1207 3243 1256 3296 ille

220 3339 308 3374 aarum
326 3324 400 3390 quasi
421 3325 626 3387 subscriptorem
649 3335 679 3379 aa
697 3317 833 3380 adiunxit,
854 3325 886 3382 ¹ut
901 3313 1064 3377 Declamatio
1083 3312 1256 3383 τριτολογίας

221 3391 358 3442 cuiusdam
376 3381 437 3442 loco
453 3388 546 3441 haberi
565 3386 670 3436 debeat.
704 3386 744 3436 Eo
759 3385 819 3452 ipso
830 3384 903 3435 refer
919 3384 1008 3436 locum
1025 3393 1087 3435 ante
1104 3383 1253 3435 laudatum:

213 3453 314 3525 Ἔτυχε
324 3455 378 3528 γάρ
404 3475 455 3525 μοι
470 3451 550 3524 λόγος
566 3451 609 3516 ric
628 3448 813 3523 πεποιημένος
830 3445 867 3513 ἐκ
884 3449 1016 3519 τρίτων
1032 3447 1104 3523 uode
1117 3452 1255 3518 Λεπτίνην

202 3526 250 3593 ’ἐξ
268 3525 356 3597 ἀρχῆς
377 3526 503 3589 sardeis·
521 3521 596 3593 εἶχον
617 3518 648 3576 ἐν
660 3520 736 3590 χερσὶ
756 3512 808 3576 τᾶν
823 3513 906 3590 λόγον
918 3516 968 3575 rba
986 3521 1039 3574 τοῦ
1063 3584 1064 3589 ¹
1095 3516 1256 3587 μοσθὲνους

219 3597 287 3654 aar.
305 3600 328 3653 2.
364 3599 451 3650 Aliter
472 3595 511 3649 ibi
535 3594 662 3647 memoria
681 3593 764 3645 falsus
787 3591 937 3659 diductiora
961 3591 1013 3647 duo
1034 3609 1114 3643 vera
1140 3591 1255 3658 explicat

174 3712 179 3717 .
220 3669 345 3721 Iteiskiua
366 3669 395 3720 ia
408 3664 551 3719 Animadv.
569 3663 603 3717 ad
622 3681 663 3730 gr.
679 3672 767 3727 tauctt¹¹
779 3662 813 3716 Τ.
831 3663 877 3712 ΙΙΙ.
894 3679 922 3730 p.
937 3659 998 3714 617.
1043 3698 1047 3704 -
1295 3678 1296 3684 ’

183 3771 213 3840 2)
232 3772 328 3822 Mirum
347 3780 402 3832 est,
420 3778 450 3823 at
461 3785 553 3821 verum
571 3775 676 3830 tamen,
696 3763 833 3834 quodiam
847 3763 949 3832 antiqui
966 3761 1120 3830 Sophiam,
1138 3761 1253 3812 Socratis

219 3841 317 3904 dotare,
336 3840 414 3891 ettam
429 3837 539 3891 ludicris
559 3835 709 3888 ettrivolis
721 3833 882 3902 argumentis
894 3832 1021 3884 ornandis
1037 3841 1120 3883 artem
1133 3839 1254 3880 ostenta-

175 3919 178 3923 ’
219 3919 290 3962 runt.
325 3910 394 3961 tiam
412 3907 446 3958 de
464 3906 591 3957 historico
629 3921 708 3960 encre
724 3904 798 3955 nulla
816 3901 947 3966 dubitatio
971 3911 1020 3952 cst.
1054 3899 1108 3950 Sed
1128 3898 1180 3948 iam
1196 3907 1253 3946 tum

218 3979 305 4041 ollae,
324 3966 377 4040 sad,
394 3967 496 4044 lapilli,
521 3922 651 4026 bestiolae
674 3972 801 4043 quaedam
813 3967 849 4022 'et
870 3970 981 4032 sinaitis,
996 3986 1047 4019 nec
1065 3983 1128 4018 raro
1148 3976 1253 4045 prepter

220 4059 383 4103 communem
404 4062 509 4096 sensum
532 4044 684 4103 bominum,
702 4041 818 4111 propriis
840 4038 944 4107 scriptis
964 4036 1147 4089 laudabantur.
1181 4033 1253 4096 Quid

218 4117 344 4167 miramur
356 4116 429 4182 ergo,
448 4114 476 4165 in
488 4111 639 4164 istiusmodi
648 4111 726 4163 rebus
739 4109 891 4172 Luciauum,
909 4112 926 4158 ὃ
964 4105 1056 4166 esium,
1073 4104 1142 4185 alios
1158 4113 1252 4170 poste-

219 4185 334 4249 riorum,
351 4179 520 4239 elaborasse?
544 4180 690 4232 Testantnr
705 4179 748 4240 id,
767 4178 839 4246 quod
851 4177 885 4228 dc
919 4175 1031 4226 rioribus
1050 4172 1252 4238 senps1‚Plato

220 4257 341 4326 Sympcs.
365 4269 396 4308 cs
412 4252 438 4305 5.
456 4253 565 4302 [socrat.
588 4250 696 4300 Eocom.
727 4247 787 4297 flet.
810 4263 838 4314 p.
863 4193 924 4298 sol.
949 4253 1015 4295 extr.
1039 4241 1150 4294 Aristot.
1172 4241 1252 4306 Rhesi

220 4325 246 4390 1,
261 4321 290 4374 9.
306 4320 392 4401 ptjinc.
408 4318 536 4374 atesim.
553 4317 655 4374 llbetor
670 4317 699 4369 in
711 4315 775 4369 didi
788 4316 865 4368 Rasa
880 4332 911 4383 ps
922 4312 986 4368 bil.
1028 4354 1033 4364 .
1159 4332 1161 4337 ·
