2730 4746
280 176 285 196 ‘
339 171 1056 330 suunar1onun’uuer1uu5inu'
1175 218 1242 282 ιο.
1311 223 1312 228 ¹

122 382 270 457 Quoniam
291 383 522 446 vero‘iustituta
538 381 640 443 vet'era
665 381 698 441 in
720 382 895 445 uniueisum
908 382 985 441 bene
998 382 1109 443 habere
1122 391 1277 470 putu-186
1336 386 1341 400 '

119 469 244 543 bantur,
275 469 348 542 (nec
363 468 512 526 immerito
527 468 561 537 in
577 467 633 526 tali
650 467 787 543 civitate,
809 467 842 525 in
864 488 922 545 qus
944 488 1031 546 saepe
1051 489 1101 526 res
1120 489 1218 529 novae

106 553 254 631 ,fraudem
266 549 393 632 tegunt,)
415 552 474 629 legi
489 552 598 629 cuique
610 551 654 608 iu
670 551 817 610 iudicium
833 551 978 610 adductae
1001 552 1134 631 quinque
1157 554 1219 612 viri
1256 566 1268 606 ⁸.

115 634 238 718 publice
259 638 382 715 patroni
398 637 563 711 dabantur,
593 655 671 714 quos
691 635 739 693 illi
762 636 910 714 Syndicos
932 637 1125 715 appellabant
1149 635 1218 718 ¹³⁸).

117 721 243 809 liquasi
257 721 440 779 dissuasores
455 721 578 799 quidam
588 729 674 779 eraut
685 720 759 796 legis
771 741 877 794 novae,
893 722 1100 800 ornabantque
1112 721 1218 791 dieen—
1246 744 1250 753 ·
1288 732 1290 736 ’

116 807 171 880 do,
197 825 395 883 quaecunque
414 804 449 863 in
468 807 561 864 altera
582 805 700 862 laudari
719 816 807 882 posse
825 805 1016 879 viderentur,
1038 816 1080 864 ut'
1091 806 1218 883 iudices,
1260 848 1268 856 ·

116 889 221 949 audita
235 899 324 966 atque
336 889 483 947 subducta
491 889 749 968 utriusquepartis
763 889 1081 965 1·atione,sententiam
1095 892 1219 951 ferrent.

182 1006 318 1079 ,Horum
337 1006 471 1065 omnium
492 1005 658 1085 quidquam
680 1005 707 1063 si
728 1005 873 1064 omissum
895 1017 959 1065 erat
977 1016 1030 1065 aut
1049 1008 1218 1085 neglectum
1226 1011 1278 1068 187

64 1156 66 1159 .
114 1092 145 1151 in
159 1091 286 1150 ferenda
299 1093 372 1168 lege,
394 1092 526 1149 latorem·
534 1110 673 1148 accusare
685 1098 813 1169 poterat,
838 1091 969 1170 quisquis
980 1092 1081 1151 vellet.
1111 1093 1219 1152 Caussa

80 1194 84 1199 ’
116 1177 174 1237 tuit
192 1175 361 1254 publicaet
375 1195 496 1252 magna,
517 1169 622 1256 γραφή
637 1171 831 1254 παρανόμων.
872 1175 966 1254 quue
983 1177 1151 1253 periculum
1172 1177 1220 1236 illi

110 1255 315 1343 'rson'depulit
327 1260 432 1338 populi
451 1254 1106 1346 suffragiumsquorogationem-pertulerat,
1129 1271 1219 1340 atque
1256 1285 1258 1291 ·

115 1343 238 1403 omuino
255 1343 327 1401 mali
348 1343 416 1417 sciti
436 1364 531 1421 poena
546 1363 623 1400 unus
638 1351 743 1400 auctor
762 1342 929 1400 tenebatur.
971 1345 1085 1401 Nomen
1102 1345 1218 1404 deleme

55 1430 59 1445 '
114 1429 207 1488 motis
231 1437 294 1486 erat
315 1428 354 1485 ad
377 1426 558 1500 Archontes,
596 1425 648 1503 qui
669 1427 856 1504 exploratam
880 1435 964 1485 autea
984 1439 1013 1486 et
1035 1429 1217 1488 instructum¹

115 1528 250 1570 caussam
272 1512 311 1569 ad
333 1511 447 1569 iustum
465 1520 614 1570 certamen
636 1510 719 1588 apud
745 1511 858 1570 iudices
881 1510 1070 1572 devocarent.
1120 1514 1156 1572 lu
1180 1533 1215 1573 eo

87 1658 91 1663 ,
114 1597 226 1655 iudicio
244 1596 347 1654 'omnia
362 1616 456 1674 prope
477 1586 580 1675 eodem
597 1596 732 1652 modoet
750 1605 854 1654 tenore
867 1594 993 1673 fiebant,
1018 1607 1076 1676 'quo
1099 1596 1139 1656 in'
1150 1597 1215 1657 aliis
1224 1597 1274 1654 188
1319 1638 1323 1650 ,

114 1681 227 1739 caussis
249 1679 387 1760 publicis.
419 1680 596 1737 ‘Accusator
616 1679 650 1736 in
667 1678 793 1737 actionis
822 1681 953 1739 formula
975 1681 1104 1740 addebat
1124 1684 1215 1742 aesti-

111 1766 276 1823 mationem
296 1759 425 1842 poe‘nae,
448 1763 609 1844 (numerat
626 1764 725 1821 fereis
746 1758 828 1844 oiyoiv
848 1759 994 1847 τιμηθείς)
1017 1775 1083 1824 tum
1100 1769 1215 1827 orando
1308 1794 1314 1807 ι

113 1849 249 1924 certabat
272 1858 396 1926 utraque
420 1869 500 1926 pars,
523 1848 630 1905 deiude
649 1869 665 1904 a
685 1847 835 1909 iudicibus
848 1851 1015 1907 sententiae
1031 1851 1214 1928 serebantur,
1265 1916 1268 1921 ,

112 1943 144 1992 et
165 1953 242 2011 quae
263 1943 331 1991 sunt
346 1934 471 2010 reliqua.
521 1933 624 2009 Neque
643 1951 715 1990 vero
733 1931 861 2017 hocin„
871 1952 977 2008 genere
1006 1936 1214 2011 accusationis,

113 2026 265 2095 quantum
284 2038 320 2075 ex
334 2018 519 2077 Timooratea
533 2015 681 2093 suspicari
695 1998 783 2089 licet,
806 2016 869 2092 lege
884 2037 960 2095 opus
976 2025 1039 2074 erat
1058 2021 1216 2094 accusatae
1285 2036 1287 2042 ⁴

111 2101 272 2183 obrogata:
285 2102 363 2178 satis
377 2102 543 2172 habebatur
561 2101 646 2159 illam
662 2100 840 2175 dissolvisse,
862 2111 898 2158 ut
913 2101 1035 2180 antiqua
1054 2105 1214 2182 contraria,

109 2186 214 2264 siqua
235 2196 325 2259 esset,
347 2186 409 2246 vim
422 2184 583 2266 reciperet,
607 2185 654 2242 sin
668 2185 738 2243 talis
751 2186 835 2243 nulla
850 2195 938 2261 esset,
962 2207 1007 2259 eo,
1030 2198 1123 2265 puto,
1147 2210 1215 2248 cer-·

108 2280 216 2328 tamen
239 2268 425 2350 pertinebat,
454 2280 491 2329 ut
510 2271 597 2328 nulla
620 2290 696 2349 opus
714 2290 777 2329 esse
793 2270 948 2330 videretur
962 2269 1035 2349 ¹³⁹).
1079 2274 1216 2334 Ceterum
1312 2295 1318 2312 ι

167 2572 290 2622 ,caussa,
308 2574 374 2626 quae
392 2573 447 2610 non
467 2555 500 2608 ad
512 2556 585 2626 leges
602 2553 734 2626 pertinet,
751 2557 780 2608 in
795 2557 853 2610 esd.
868 2557 941 2610 Orat.
954 2574 989 2678 tl
1009 2555 1068 2610 774.
1085 2559 1115 2612 E.
1132 2558 1175 2610 ubi
1189 2576 1215 2612 r.

181 2626 272 2684 schol.
320 2620 358 2676 Et‘
372 2626 535 2695 triplicatum
556 2625 584 2679 iu
609 2627 741 2677 Dinarcho
765 2627 824 2684 adv.
856 2629 952 2679 Demos

114 2700 124 2708 ”
181 2695 313 2760 Harpocr.
332 2709 357 2746 v.
372 2685 484 2748 Ἠλιαίοι
502 2704 529 2744 et
549 2697 644 2747 Pollux
664 2696 735 2758 vui,
759 2693 817 2747 123.
842 2708 869 2746 et
891 2696 950 2748 101.
992 2699 1051 2758 Quo
1072 2698 1214 2762 posteriori

161 2768 164 2772 '
180 2762 242 2813 lo'co
259 2762 415 2829 simpliciter
424 2763 552 2814 traditur:
573 2757 740 2829 Νομοθέτσιι
750 2749 823 2829 ἦσαν
836 2764 929 2830 χίλιοι.
950 2769 998 2814 ·At
1011 2763 1034 2814 is
1049 2775 1125 2820 totus
1137 2765 1215 2817 locus
1280 2782 1284 2793 ‘

147 2835 152 2843 '
180 2848 237 2885 nou
252 2841 292 2879 est
306 2833 449 2893 eiusmodi,
473 2842 502 2880 ut
514 2849 575 2882 vera
590 2844 616 2882 et
631 2843 703 2883 certa
716 2833 779 2885 iude
794 2835 850 2900 peti
865 2836 977 2900 possint.

131 2912 210 2977 '1383
230 2918 299 2966 Bene
320 2914 451 2980 Ulpianus
469 2914 504 2965 ad
529 2912 674 2968 Timocrat.
700 2935 726 2984 p.
752 2916 812 2968 811.
838 2921 869 2967 Α.
896 2911 996 2982 Elias,
1021 2907 1066 2970 iias
1087 2910 1220 2988 βελτίσοο

99 3037 132 3047 y,
181 2973 255 3047 ἦσαν
266 2981 292 3035 oi
307 2978 437 3048 πρὸτεροι
450 2981 534 3048 νόμοι
546 2985 598 3048 τοῦ
610 2980 786 3051 εἰςσιγσμένσν
796 2981 868 3049 ,aul
885 2986 982 3056 χηρείᾳ
1001 2985 1057 3038 τοῖν
1077 2983 1213 3054 λεγόντων
1263 2993 1275 3009 ·

79 3059 80 3062 ’
179 3047 252 3118 ὑπὲρ
267 3045 360 3119 αὐτῶν
378 3046 537 3115 ἐνομίζοντο
550 3049 622 3105 εἶναι
637 3054 750 3120 φαῦλοι.
786 3054 1011 3122 Idemque‘paullo
1032 3068 1105 3123 post:
1125 3052 1213 3110 Πέντε
1254 3111 1256 3116 ,
1308 3063 1348 3089 ·’

74 3134 77 3141 ’
181 3117 288 3187 ἄνδρας
304 3114 379 3171 κατ’
399 3117 551 3174 ἕκαστον
568 3119 684 3188 νόμον
701 3118 899 3189 ἐχειροτόνουν.
922 3125 987 3174 'sed
1000 3125 1066 3190 hoo,
1085 3129 1158 3194 quod
1179 3127 1213 3176 de

179 3207 290 3240 numero
310 3192 428 3239 virorum
448 3190 531 3252 dicit,
555 3193 681 3242 maiorem
697 3194 881 3242 auctoritatem
901 3193 1011 3242 habeta
1028 3195 1088 3258 lega
1108 3196 1212 3244 exhe-

120 3304 126 3327 ,
175 3259 278 3308 masth.
295 3259 364 3308 infra
377 3257 543 3325 apponenda.
579 3259 613 3308 Hi
625 3259 748 3318 universe
762 3260 886 3308 dicuutur
901 3263 1070 3324 συνηγορεῖν,
1090 3270 1211 3312 uomo-

180 3328 326 3392 toyststtm
339 3329 399 3386 τοῖς
410 3323 523 3391 νόμοις,
541 3328 649 3394 proprie
664 3325 828 3393 συνδικῆσαι
842 3328 902 3385 τοῖς
917 3322 1024 3391 νόμοις.
1049 3330 1211 3382 creabantur
1239 3374 1241 3380 ,

127 3402 140 3446 “.
180 3412 244 3446 vero
257 3395 365 3463 syndici
378 3396 420 3445 vel
436 3396 542 3462 publice
554 3397 596 3446 vel
608 3397 743 3460 priuatim:
759 3395 868 3464 publico
885 3413 934 3462 per
948 3396 1136 3463 χειροτονίαν,
1150 3411 1213 3469 7σοιιΙ
1255 3447 1262 3456 ,,
1282 3395 1285 3399 ’

106 3494 111 3499 -
164 3462 504 3531 [propterlegestautum
522 3461 821 3515 sedaddet'endendam
834 3463 906 3515 domi
926 3468 1210 3536 autforisquamcuu-
1236 3519 1241 3527 ,

99 3587 104 3591 ,
155 3548 234 3598 ‘que
254 3544 355 3599 partem
371 3533 502 3599 reipubl,
523 3534 552 3582 iu
571 3535 669 3584 caussis
689 3535 990 3585 civitatemuniversam
1011 3537 1238 3603 spectantibus3'
1285 3594 1293 3602 ‚

178 3599 261 3667 hique
275 3604 337 3651 suut
354 3597 593 3666 χειροτονηθέντες
608 3595 665 3653 ὑπὸ
683 3602 736 3653 τοῦ
757 3597 849 3668 δήμου
867 3612 894 3651 et
909 3603 1035 3654 dicuntur
1046 3604 1210 3672 συνδικῆσαι

180 3664 323 3739 τῷδήμῳ,
342 3667 371 3718 ut
390 3689 432 3737 ap.
451 3671 573 3721 Aeschiu.
591 3666 769 3722 iu'Timarcls.
787 3689 813 3736 p.
832 3669 892 3720 363·
910 3673 958 3733 D.;
974 3675 1105 3742 privatim
1120 3685 1209 3724 autem

180 3756 197 3787 a
211 3739 281 3787 tribu
295 3736 337 3788 vel
356 3738 469 3805 collegio
485 3734 528 3789 vel
538 3738 707 3791 universitate
717 3739 843 3807 quadam,
862 3749 888 3788 et
901 3739 930 3789 hi
943 3752 1019 3791 erant
1032 3743 1128 3808 privati
1144 3743 1211 3792 iuris

179 3805 343 3857 defensores.
361 3808 471 3857 Publice
483 3810 570 3858 autem
584 3808 681 3857 nemini
698 3809 794 3858 iterum
807 3806 946 3874 Syudicum
958 3810 1015 3859 lieri
1030 3812 1114 3873 licuit,
1128 3810 1210 3877 idque
1280 3831 1283 3835 ·

179 3874 257 3936 ideo,
275 3893 310 3926 ue
324 3892 417 3924 munus
429 3875 468 3926 ob
486 3876 620 3943 publicam
642 3877 782 3926 utilitatem
802 3877 937 3926 inventum
956 3872 1062 3928 cederet
1079 3879 1108 3928 iu
1126 3897 1210 3944 quae-

149 3973 152 3977 *
179 3953 248 3993 stum
261 3945 430 4010 privatorum.
449 3945 536 3999 Locus
550 3945 675 3994 classicus
688 3945 738 3996 hac
751 3945 784 3995 de
797 3962 826 3995 re
840 3945 909 3994 iufra
922 3956 963 3995 cst
973 3963 998 4012 p.
1013 3944 1083 4010 508,
1095 3945 1139 3996 ubi
1154 3947 1209 3999 vid.

141 4008 146 4022 '
180 4012 270 4061 Sahal.
288 4022 316 4062 et
333 4014 476 4062 Oomment.
535 4046 537 4052 ι
583 4014 586 4020 ‘

142 4076 210 4138 139)
227 4080 331 4147 Ulpiae.
341 4081 407 4147 adp.
416 4078 476 4132 483.
485 4083 504 4130 f.
515 4072 613 4143 Ὅπου
621 4075 673 4146 μὲν
685 4050 848 4148 oderimus,
858 4059 1044 4148 οῗντειςφέρειν
1057 4082 1115 4134 dei·
1134 4077 1208 4136 ὅπου
1283 4060 1286 4071 ¹
1330 4147 1331 4151 Ἰ

181 4142 213 4198 δὲ
225 4142 269 4210 osi,
286 4145 362 4199 λύειν
373 4145 469 4213 μόνσν.
494 4151 543 4200 Ηίσ
557 4163 583 4200 et
597 4152 654 4200 aliis
668 4152 800 4218 plerisque
811 4152 838 4199 iu
854 4152 920 4200 locis
937 4151 1092 4202 vocabulum
1109 4149 1208 4220 κύριος
1224 4156 1228 4160 ’

159 4217 216 4277 ,de
229 4218 288 4282 lege
306 4219 390 4284 accipi
411 4220 491 4269 debet
514 4223 565 4270 iam
590 4221 696 4270 calculis
716 4220 935 4270 Nomothetarum
956 4221 1057 4286 perlate
1076 4233 1103 4273 et
1128 4223 1206 4291 primi

181 4286 400 4352 auuipericulum
415 4288 511 4355 elapsa.
538 4292 606 4356 ,Qua
621 4290 655 4338 de
668 4307 697 4340 re
708 4275 798 4356 paullo
809 4298 878 4355 post.
916 4306 921 4317 ·
1098 4306 1100 4310 ⁴

49 4392 55 4400 “
141 4389 247 4438 Asinos.
266 4389 303 4437 ad
319 4376 457 4440 Daemon]
476 4380 513 4439 Τ.
532 4390 588 4440 ΙΙΙ.
729 4427 731 4431 -
809 4424 811 4436 1
894 4413 901 4423 ν
968 4367 997 4435 D

1016 2645 1042 2694 p·
1067 2622 1109 2680 72·
1135 2631 1214 2680 conf.
1253 2624 1262 2632 ⁸
1316 2686 1319 2690 A

1313 2713 1319 2747 l
