2730 4746
314 233 375 295 aa
397 187 533 293 oasa.
551 228 660 294 aar.
681 226 932 294 cremara.
1112 235 1174 299 109

12 466 15 473 .
68 404 311 487 muniuerunt)
333 407 492 465 ueletiam
513 404 624 464 binis
643 404 854 466 teortummodo
878 425 984 463 sensas
1005 426 1062 481 per
1075 404 1175 481 leuem

68 498 252 573 Leptine'am
271 491 428 571 choragiis
448 490 584 549 accedere
601 503 719 569 potere,
747 495 833 570 isque
863 511 967 547 sersus
988 487 1039 545 cd
1045 492 1056 545 i
1063 501 1175 545 cerae

48 582 181 637 'imm
211 597 331 634 unum
359 580 469 651 exiis,
496 580 551 655 qui
573 576 840 655 liturgiusadlzuc
863 576 1017 649 clrierrmb,
1039 594 1124 630 (mere
1146 585 1176 629 et

70 664 219 741 ιἰιιριιιοίο
238 661 389 719 liberabit.
441 661 508 718 Iam
529 663 559 718 si
580 664 693 719 ciuiles
713 660 804 718 herred
823 662 957 738 ‹errrplius
984 661 1173 736 (serieque,

71 766 229 805 summum
250 743 385 802 decem
405 744 664 823 novas'clroragce
678 746 861 819 lucrabitur,
887 742 972 823 quid,
996 730 1175 821 quiessem

71 836 133 891 ieta
149 832 218 909 Iege
243 840 365 887 tantum
382 831 543 887 levamenti
554 842 706 907 paratum
730 841 773 886 est
796 833 980 888 universo
997 849 1106 906 popu
1116 820 1176 884 lo?

71 917 228 977 Hactenus
247 914 381 991 quidem,
403 914 543 991 inquam,
566 915 603 972 de
618 914 767 973 sententia
778 916 849 973 satis
865 923 990 972 constal.
1034 912 1093 969 Sed
1108 911 1178 968 aliis

71 1000 161 1063 rebus
183 996 285 1057 adbuc
307 1018 385 1076 opus
406 999 508 1056 estad
533 1019 651 1056 sensum
672 998 733 1057 loci
752 1000 926 1058 interiorem
949 996 1176 1056 recludendum.

72 1086 146 1144 llam
158 1082 296 1163 primum
310 1082 466 1151 obscurius
481 1091 534 1157 cst,
558 1079 682 1166 χορηγὸς
695 1103 779 1142 nuuc
791 1104 909 1161 quoque
924 1082 1016 1139 latius
1030 1091 1175 1154 sumatur,

49 1166 306 1245 ‘cn'engustium
334 1176 401 1224 tam
419 1176 524 1225 nostro
540 1168 609 1224 loco
631 1168 710 1225 idem
734 1168 830 1227 subsit
855 1167 1005 1239 calculus,
1038 1164 1179 1242 quierat

56 1272 102 1334 p-
121 1256 200 1326 463,
223 1257 252 1317 8.
274 1270 343 1327 ss.,¹
358 1271 397 1308 an
419 1252 493 1309 alius
515 1272 628 1310 novas:
664 1253 738 1330 quin
756 1252 790 1311 id
807 1253 908 1332 ipsum
932 1250 1043 1325 ambigi
1064 1258 1177 1327 potest,

20 1360 25 1373 ·
74 1338 155 1397 cives
169 1335 230 1394 soli
247 1354 331 1393 nunc
352 1335 542 1412 intelligendi
554 1336 630 1410 sint,
654 1357 692 1392 an
707 1337 799 1394 simul
821 1336 961 1416 μέτοικοι.
1003 1334 1048 1391 Ne
1062 1335 1177 1405 multa5

28 1460 31 1465 ·
74 1440 112 1481 ex
124 1420 278 1495 omnibus,
292 1439 369 1497 quac
378 1419 457 1476 mihi
472 1421 574 1477 locum
587 1420 704 1498 saepius
717 1420 880 1499 pensitanti
900 1428 1098 1477 consentanca
1112 1417 1179 1500 visa¹

17 1566 21 1571 ,
75 1516 161 1578 suaet,
184 1504 260 1563 baec
278 1504 550 1562 arbitrortenenda
566 1524 645 1579 csse,
667 1514 703 1562 ut
716 1506 946 1563 verisimiliora.
974 1502 1178 1563 Primum-vix

19 1588 22 1593 ’
76 1590 202 1649 dubium
221 1580 283 1663 est,
306 1590 461 1646 Oratorem
476 1609 559 1647 nunc
574 1589 611 1646 de
629 1589 762 1667 quinque
777 1600 829 1648 aut
842 1592 944 1649 decem
964 1589 1053 1647 nouis
1066 1586 1177 1645 chora·
1227 1654 1231 1659 ,

76 1675 119 1753 gie
134 1674 288 1733 dicentem
307 1672 341 1729 in
361 1673 514 1751 superiore
537 1674 653 1731 calculo
675 1693 729 1731 suo
748 1685 891 1753 perstare.
921 1675 1015 1731 Nam
1035 1671 1178 1749 quoniam

75 1760 140 1819 illic
155 1756 193 1816 de
206 1757 277 1816 XVI
291 1756 379 1815 novis
400 1778 455 1836 per
466 1758 622 1836 Leptinam
638 1759 800 1817 accessuris
815 1758 904 1831 dixit,
925 1759 960 1814 in
974 1757 1022 1814 his
1037 1754 1179 1814 autem’V

22 1848 27 1863 “
77 1853 129 1903 eut
141 1842 184 1901 VI
199 1842 279 1901 cives
292 1843 479 1917 numeravit,
501 1852 586 1917 tum,
608 1862 702 1920 quum
716 1845 806 1901 XXX
823 1845 862 1900 ad
876 1862 1024 1901 summum
1039 1837 1180 1899 concedit

78 1926 218 1999 messium
238 1947 342 2005 posse,
363 1926 520 2004 proporuo
544 1926 665 2000 suadet,
688 1936 724 1985 ut
742 1928 821 1985 cives
840 1928 901 1985 fers
922 1928 952 1983 X
974 1935 1003 1983 et
1023 1924 1180 2003 μετοίκους

73 2014 138 2073 =XX
150 2011 183 2071 iu
198 2011 254 2068 illo
267 2030 392 2069 numero
406 2009 509 2067 haberi
527 2019 700 2073 statuamus.
728 2011 814 2069 Hanc
826 2020 923 2069 autem
936 2009 1083 2069 rationem
1100 2008 1182 2067 Ora-

78 2106 127 2157 lor
143 2117 241 2175 quum
255 2096 345 2153 modo
360 2095 425 2173 ipsc
439 2095 587 2173 posuerit,
611 2115 675 2152 cam
690 2104 719 2152 et
737 2117 821 2154 nunc
838 2096 922 2174 sequi
939 2095 1027 2153 etiam
1042 2090 1182 2151 debuisse
1271 2108 1280 2121 ‘

79 2180 176 2241 videri
195 2189 305 2261 potest.
347 2179 460 2237 Deinde
474 2178 539 2258 ipsa
555 2180 706 2237 mentione
719 2181 855 2239 tribuum
874 2179 1032 2261 probabile
1047 2178 1098 2250 fit,
1110 2174 1181 2249 ¹hoc

81 2285 198 2347 quoque
216 2265 285 2322 loco
305 2263 342 2322 de
357 2264 429 2321 solis
448 2264 564 2321 civibus
582 2285 749 2323 sermonem
767 2286 838 2325 csse.
883 2265 963 2337 Quid
983 2263 1063 2320 enim
1080 2259 1180 2319 tribus
1244 2287 1246 2291 ·

70 2342 119 2424 ud
129 2340 305 2431 μετοίκοοξῖ
328 2348 389 2405 lam
403 2346 493 2406 simul
507 2348 581 2405 hinc
591 2368 646 2427 per
661 2369 692 2406 sc
713 2350 913 2427 consequitur,
937 2342 1067 2428 χορηγόν
1080 2344 1186 2403 denuo·

81 2434 187 2513 latiore
212 2452 302 2491 sensu
318 2432 437 2507 eodem,
461 2452 520 2509 quo
543 2432 695 2511 superius,
718 2432 953 2513 accipidebere.
997 2430 1058 2503 Qui
1072 2428 1180 2485 melius

81 2516 305 2579 rimextricare
315 2516 458 2596 potuerit,
482 2536 550 2574 cum
568 2515 704 2595 equidem
717 2518 845 2577 libenter
857 2515 986 2575 audiam.
1022 2514 1110 2573 Nunc
1126 2510 1182 2569 uui
1280 2536 1283 2545 ·

35 2654 42 2663 .
81 2600 210 2681 dugerio
223 2598 313 2683 uideo
327 2611 443 2681 partem
465 2600 651 2660 difficultatis
666 2602 846 2679 suboluisse,
868 2601 971 2681 quiin
988 2597 1182 2658 animadvcrss

82 2689 163 2747 sione
175 2694 315 2762 annotat,
339 2706 372 2743 ex
394 2688 537 2745 Oratoris
556 2688 675 2744 ratione
695 2710 791 2767 supra
805 2689 933 2765 prolata
951 2683 1181 2762 rempublicam,

10 2824 12 2829 .
83 2770 330 2831 immunitatibus
351 2771 500 2845 sublatis,
536 2770 654 2828 lucrari
675 2770 747 2831 XV
765 2784 822 2829 eae
841 2770 891 2828 cel'
908 2788 1060 2826 scammum
1080 2760 1187 2824 XXX

33 2862 40 2909 ἰ
82 2860 187 2937 cupita
200 2855 310 2915 danea
322 2855 498 2913 muneribus
512 2855 690 2935 choragice,
702 2854 973 2935 permansissemus
988 2862 1015 2910 et
1026 2852 1184 2930 epulatio-

65 2940 148 3017 ἰιίις
171 2936 207 3001 eae
224 2962 284 3022 quo
298 2948 425 3019 utroque
442 2960 567 3001 numero
586 2940 621 3000 V
633 2952 693 2999 aut
705 2943 742 2999 X
756 2944 812 3000 uni
833 2938 998 3019 clroragice
1023 2934 1184 3015 assignari

82 3018 201 3101 Μόνη
225 3030 379 3104 quumque
398 3027 435 3084 X
455 3026 555 3082 tribue
571 3028 709 3102 fieerint,
734 3029 781 3084 ita
801 3028 851 3084 vel
867 3025 1004 3104 cingulis
1021 3020 1071 3081 cel
1091 3023 1185 3077 etiam
1276 3088 1279 3093 Ι

83 3112 163 3169 binis
184 3111 328 3168 tribubus
350 3130 447 3168 unum
467 3131 596 3184 novum,
629 3114 684 3190 qui
708 3110 745 3168 id
765 3133 881 3169 munus
905 3111 1006 3184 obeat,
1038 3103 1184 3164 accedere.

14 3211 24 3245 -·
81 3194 164 3255 Haec
177 3203 277 3254 autem
290 3195 368 3255 ratio
383 3194 519 3272 quamvis
530 3193 638 3255 habeat
650 3214 729 3268 saue,
753 3214 812 3273 quo
827 3196 959 3274 primum
973 3192 1101 3267 cogitata
1114 3189 1185 3266 pla-

82 3288 163 3356 ceai3
187 3301 278 3361 quam
299 3281 392 3337 multa
406 3279 440 3335 in
459 3298 492 3353 ea
507 3278 591 3355 quasi
606 3279 743 3355 precario
763 3288 936 3351 sumantur,
960 3273 1101 3354 persequi
1120 3290 1186 3328 uon

80 3365 176 3425 lubet.
219 3363 365 3442 Aliequin
386 3382 572 3441 quaererem,
594 3363 676 3421 unde
687 3363 735 3422 vir
751 3364 855 3422 Gallus
869 3360 1001 3436 sciverit,
1022 3359 1057 3417 in
1073 3354 1185 3415 chora-

81 3450 132 3527 gia
142 3450 325 3528 conplures
341 3455 502 3526 occupatos
516 3448 619 3522 fuisse,
643 3468 733 3527 quam
745 3448 778 3506 in
796 3447 983 3527 epulationc3
996 3455 999 3459 ⁴
1012 3463 1185 3523 quaererem
1212 3474 1217 3479 ·
1280 3502 1283 3507 ,

83 3534 144 3605 elia
160 3535 262 3613 plura.
277 3563 322 3578 -··
351 3535 464 3591 Locum
484 3532 544 3589 iam
571 3533 644 3590 olim
670 3534 874 3592 obscuriorem
900 3532 1006 3590 iecisse
1015 3564 1032 3605 ,-·
1054 3530 1187 3588 ostendii
1227 3545 1256 3561 ·-
1317 3590 1324 3605 ⁸

83 3616 281 3693 Scholiastes,
312 3617 364 3696 qui
384 3627 489 3674 samen
513 3614 591 3674 nibil
613 3618 709 3675 bonae
729 3619 823 3696 frugis
842 3617 929 3697 effert
951 3610 1092 3694 ampullis
1115 3614 1186 3673 suis.

83 3702 203 3776 Quibus
224 3724 240 3761 e
263 3701 383 3761 scholiis
404 3722 498 3759 nuum
518 3720 561 3759 ue·
581 3722 670 3779 quem
690 3723 791 3760 errore
816 3703 966 3780 implicet,
1006 3699 1057 3758 ubi
1076 3698 1187 3759 mensis

52 3786 276 3867 lsAnthesterio
295 3786 446 3865 Dionysiis
466 3785 631 3853 maioribus
649 3787 830 3865 assignatur,
852 3786 910 3845 hac
929 3805 1018 3864 super
1032 3804 1065 3843 re
1084 3780 1188 3841 couscr

69 3872 234 3950 -egregiam
261 3871 494 3950 disputationem
519 3868 692 3928 Ruhnkenii
719 3872 759 3929 ad
787 3872 909 3931 calcem·
926 3867 1070 3948 Hesychii
1093 3868 1128 3935 T,
1148 3864 1193 3924 11.-

82 3956 161 4017 Mox
175 3956 360 4036 Thucydidis
372 3957 457 4013 locus
473 3954 507 4015 ἐν
519 3958 558 4038 τῇ
574 3952 696 4037 δευτέρᾳ
711 3960 771 4018 τῶν
786 3956 928 4038 ἱστοριῶν
945 3950 1131 4032 quaerendus
1143 3957 1191 4008 eet

13 4036 17 4041 ’
67 4042 122 4101 'in
141 4041 195 4099 lib.
216 4041 266 4099 Ill.
295 4063 360 4120 cap.
391 4046 440 4104 17.
476 4038 582 4096 Variae
606 4039 678 4104 olim
698 4040 821 4099 fuerunt
841 4041 975 4120 partium
999 4033 1189 4112 Thucydidei
1231 4094 1234 4098 ,

84 4125 189 4205 operis
206 4126 376 4199 divisiones,
397 4124 526 4201 ideoque
540 4121 618 4189 nihil
633 4133 749 4183 mutare
761 4126 856 4184 volui.
899 4123 1026 4182 Videtur
1042 4119 1189 4177 tamenin

84 4209 191 4269 Schol.
205 4211 317 4278 vitium
328 4210 455 4285 subesse,
474 4209 683 4287 quamplures
696 4231 786 4288 quam
804 4219 873 4269 octo
889 4209 984 4267 libros
999 4227 1017 4265 a
1031 4205 1191 4265 Gramma⁴
1203 4232 1206 4245 =

83 4294 158 4372 licis
169 4294 342 4357 factos-cese
357 4304 482 4379 cofnstet,
497 4315 561 4352 nan
574 4292 740 4375 pauciores.
758 4316 805 4356 ra.
820 4316 849 4355 u.
862 4313 970 4355 wau„
983 4292 1064 4378 Laco
1079 4289 1189 4349 obscu-

110 4439 253 4473 x..
