2730 4746
65 224 83 235 -
145 188 197 283 '32
353 215 415 274 ra.
438 216 472 274 n.
494 210 668 275 notan
686 190 1041 307 rnonrcosruu'a

157 385 292 446 omnibus
313 394 510 464 praestantes,
532 384 674 446 videntur
691 387 875 468 ουμμορίτας
893 408 961 446 suos
976 390 1015 448 ad
1029 374 1161 453 muneris
1174 418 1247 474 par-

89 474 92 483 “
155 484 200 529 tes
221 491 342 529 vocasse
356 480 400 546 et,
428 472 453 527 si
467 470 532 546 quis
544 471 704 529 interillos
722 473 821 529 miuus
835 472 963 548 valeret,
993 474 1055 533 eius
1069 479 1131 555 ipsi
1147 488 1248 558 partes
1324 530 1328 536 ,

156 555 347 614 sustinuisse:
369 564 521 613 curatores
538 558 635 614 autem
646 556 831 615 involassibus
843 557 946 615 eodem
956 558 1123 619 ministerio
1137 563 1248 621 viden-

155 649 208 698 tur
226 641 418 714 lunensem,
441 659 500 717 quo
519 639 602 698 aliud
622 649 729 698 notum
750 660 842 717 genus
859 650 1030 700 curatorum
1050 645 1083 701 in
1097 648 1247 722 tribubus,
1341 664 1349 677 '

126 750 130 759 ·
155 722 326 803 ἐπιμεληταὶ
346 728 408 784 τοῖν
428 728 550 800 φυλαῖν,
573 724 715 783 videlicet
726 735 760 782 ut
774 725 880 783 classes
896 726 934 782 ad
950 738 1114 787 conventus
1128 751 1249 793 conro-

155 817 257 867 caront
278 817 366 886 atque
381 809 420 866 ad
436 828 484 866 eas
498 809 543 867 de.
552 809 759 867 communibus
771 810 859 868 rebus
874 811 1028 869 referrent.
1197 814 1225 853 δ
1299 882 1302 887 0

238 926 318 992 Haec
334 936 398 985 tota
420 925 583 1005 descriptio
604 926 714 985 civium
726 925 812 1000 talis,
836 927 953 1006 qualem
967 926 1048 987 nube
1060 932 1163 1008 retuli,
1185 954 1246 1010 quo

152 1020 285 1090 tempore
305 1011 434 1091 primum
458 1011 491 1068 in
507 1012 661 1090 εἰςφοροιῖς
680 1006 719 1068 sit
736 1010 876 1087 inducta,
898 1012 1000 1073 nullus
1016 1014 1177 1075 Oratorum
1191 1038 1247 1076 nos

154 1096 249 1159 docet.
274 1095 312 1154 At
320 1116 391 1154 vero
401 1095 573 1175 Philochori
586 1096 783 1172 fragmentum
796 1105 946 1173 servatum
959 1106 1049 1157 estex
1059 1099 1261 1182 Atthide⁷⁷)‚·

154 1181 235 1258 quod
259 1180 360 1257 docet,
374 1179 569 1260 simpliciter,
607 1180 754 1259 populum
773 1179 808 1239 iu
825 1178 999 1258 symmonias
1026 1183 1156 1243 divisum
1180 1207 1246 1244 esse

112 1261 314 1323 99Nausiuico
338 1262 428 1323 Arch.
458 1265 578 1342 Olymp.
602 1269 672 1338 100,
686 1269 724 1331 3.
773 1264 856 1335 Quae
878 1285 926 1323 res
948 1264 1021 1325 licet
1038 1267 1128 1326 illum
1150 1288 1247 1329 unum

154 1358 306 1407 auctorem
325 1347 445 1425 babeat,
467 1357 645 1426 tantumque
662 1348 801 1407 universe
826 1347 945 1427 prodita
962 1350 1002 1409 sit
1029 1360 1071 1411 et.
1087 1372 1121 1410 eo
1142 1348 1244 1430 modo,

155 1454 214 1511 qno
231 1432 424 1491 Grammatici
439 1432 523 1489 abuti
536 1432 642 1506 solent,
663 1430 763 1509 idest,
778 1453 840 1490 uon
854 1431 972 1491 disertis
989 1435 1088 1493 verbis
1101 1438 1245 1512 auctoris,

154 1518 205 1575 sed
222 1537 276 1595 per
292 1516 517 1595 compendium,
539 1515 604 1574 vari
619 1516 719 1572 tamen
732 1536 788 1595 per
801 1527 845 1573 est
860 1514 960 1575 'simile
980 1516 1155 1578 Philochori
1171 1543 1245 1581 nar-

153 1601 300 1660 rationem
317 1601 356 1658 ad
371 1597 515 1681 ,εἰςφορᾶς
534 1599 696 1679 pertinere,
717 1599 892 1678 praesertim
912 1620 1005 1678 quum
1019 1602 1054 1659 in
1074 1603 1112 1660 iis
1128 1626 1244 1666 novuni

155 1685 290 1743 ordinem
312 1685 460 1763 quendam
488 1684 541 1742 illo
569 1680 721 1742 Arcbonte
744 1683 903 1741 inductum
920 1685 985 1763 ipse
1008 1686 1118 1745 Orator
1143 1684 1245 1750 nostin

153 1791 216 1828 non
238 1771 364 1829 obscure
385 1769 535 1846 significet
553 1765 608 1846 ⁷⁸).
649 1768 735 1826 Adde
748 1777 909 1847 praeterea,
929 1771 1011 1846 quod
1034 1781 1103 1829 ante
1122 1773 1244 1854 Olyrup.

154 1859 226 1930 100,
247 1861 276 1919 3.
298 1855 378 1934 apud
389 1854 508 1912 nullum
520 1861 670 1927 veterum,
692 1853 745 1931 qui
761 1861 928 1931 supersunt,
949 1874 988 1910 ne
1001 1876 1110 1913 nomen
1124 1859 1245 1934 quidem
1305 1912 1308 1919 ,

152 1939 329 2020 symmetriae
340 1941 373 1998 in
384 1946 491 1998 neutro
506 1957 611 2015 genere
625 1936 869 2008 bellieimuuen's
884 1937 1015 1996 occurrit
1029 1937 1083 2020 ⁷⁹).
1108 1942 1244 2001 Ceterum

152 2018 342 2105 vehementer
357 2023 437 2082 eires
451 2022 559 2103 pressit
571 2021 630 2080 boc
645 2020 744 2079 citus:
771 2020 848 2079 Nam
863 2021 993 2098 quodam
1008 2030 1143 2103 tempore
1154 2048 1244 2106 repe-

152 2111 246 2173 aimus
266 2130 316 2169 eos
329 2108 464 2187 quintam
481 2116 597 2184 partem
617 2100 786 2178 annuorum
799 2105 951 2162 redituum
967 2109 1140 2183 eorrtulisse3
1167 2111 1243 2186 quin

151 2197 251 2270 etiam,
270 2193 379 2273 siquis
394 2193 496 2270 plures
514 2191 619 2248 domos
632 2189 781 2248 futulosve
801 2187 984 2266 possidebat,
1007 2211 1075 2248 eum
1088 2193 1242 2272 probabile

151 2290 198 2340 est
214 2280 341 2341 totidem
357 2276 528 2339 nominibus
541 2275 574 2333 iu
590 2274 712 2341 classem
727 2294 787 2334 esse
799 2272 983 2352 adscriptum
1006 2272 1057 2355 ⁸).
1118 2346 1122 2363 ,

154 2456 360 2474 u—-nnn

217 2572 283 2621 ra
292 2566 388 2621 saar.
397 2548 669 2638 tthd.1i.t328.c.tn
679 2566 778 2639 speon.
787 2565 819 2618 n.
828 2582 854 2629 p.
863 2562 923 2617 roe.
934 2569 964 2617 s.
981 2532 1174 2635 [suranae]
1187 2536 1242 2618 ὀε-

219 2637 257 2705 bi.
279 2636 373 2689 Rarius
388 2636 498 2688 alterum
516 2634 670 2690 iocab'nlum
683 2636 806 2698 occurrit,
819 2631 979 2703 ἐπιμελητὴς
991 2636 1153 2702 συμμορίας,
1172 2647 1202 2686 ut
1214 2639 1242 2686 in

219 2702 313 2775 Euerg.
328 2718 357 2758 et
371 2708 482 2763 Mnesib·
500 2725 527 2775 p.
548 2706 623 2760 1055.
642 2712 670 2759 Β.
689 2716 715 2759 et
730 2704 826 2779 insola
839 2707 1000 2756 trierarchia.

181 2791 232 2856 77)
248 2793 326 2860 Apud
345 2795 473 2862 Harpocr.
492 2805 518 2844 et
536 2793 601 2845 alios
621 2794 649 2845 in
666 2812 693 2845 v.
712 2788 874 2873 συμμορία..
892 2787 992 2841 Petitus
1012 2789 1109 2840 eteius
1127 2790 1243 2841 asseclae

219 2860 271 2921 boc
286 2862 459 2929 fragmentum
474 2864 507 2915 ad
518 2865 601 2913 solam
616 2862 795 2912 trierarehram
807 2859 923 2920 trabunt,
941 2874 1026 2926 neque
1040 2859 1146 2917 omniuo
1161 2859 1242 2924 quid-

220 2949 296 2998 quam
316 2930 349 2980 de
371 2930 518 2998 symmoriis
534 2930 626 2980 dieunt
643 2932 671 2989 in
686 2924 846 2995 εἰὲφοραῖς,
864 2926 936 2976 velut
953 2929 980 2977 in
992 2927 1045 2977 illis
1064 2927 1125 2977 talis
1139 2927 1242 2975 descri-

219 2998 365 3065 ptio'nulla
379 2999 468 3049 l'uerit.
503 2998 568 3063 lnde
581 2998 657 3064 plura
670 2999 775 3048 turbata
786 3006 847 3047 sunt
859 2996 889 3045 in
906 2996 956 3059 bac
968 2993 1161 3062 disputatione.)
1184 2992 1240 3058 Ego

192 3104 197 3113 .
218 3067 364 3117 accuratius
382 3062 513 3117 distinctis
527 3069 607 3127 locis,
626 3084 692 3133 quae
704 3066 813 3131 alterins
828 3059 910 3114 utrius
922 3065 1026 3129 generis
1045 3062 1242 3129 symmoriarum

219 3136 377 3185 mentionem
390 3132 501 3197 habent,
519 3153 570 3203 uon
587 3130 720 3198 dubitavi,
738 3134 801 3203 quin
819 3132 886 3182 ra'tio
904 3133 980 3182 initio
993 3126 1090 3182 usitata
1103 3131 1131 3180 in
1145 3130 1241 3194 εἰςτρο-

180 3230 188 3244 ·
217 3204 282 3269 ροῖς
305 3206 387 3259 serlus
415 3204 517 3255 demum
543 3206 578 3254 mi
598 3204 663 3254 rarit
687 3204 715 3254 iu
736 3200 925 3253 trierarcbium.
966 3202 1045 3251 Putes
1065 3200 1159 3256 etiarn,
1185 3217 1242 3247 rem
1336 3230 1340 3235 -

218 3270 320 3324 deinde.
336 3268 497 3325 obsolevisse
517 3274 545 3325 iu
564 3223 721 3339 educastis,
740 3280 819 3337 quarn
838 3273 933 3316 Orator
950 3267 1021 3316 dicat
1041 3267 1069 3314 in
1082 3266 1189 3332 Olyntb.
1207 3270 1240 3314 n.

218 3344 237 3393 l.
256 3362 279 3393 c.
315 3338 500 3410 Πρότερον
529 3340 678 3406 simulasse
700 3332 771 3388 κατὰ
797 3331 964 3398 annunciata·
997 3330 1060 3385 υυυὶ
1080 3328 1110 3384 δὲ
1132 3351 1156 3384 κ.
1174 3352 1198 3387 τ.
1216 3337 1240 3385 t.

219 3412 311 3461 Oratio
331 3410 417 3460 auteui
435 3412 500 3461 baec
511 3410 600 3460 habita
616 3420 655 3459 est
675 3408 776 3472 Olymp·
796 3400 854 3463 107,
871 3400 903 3481 4.ι
1175 3406 1178 3413 ’

183 3494 228 3559 78)
246 3497 276 3545 ln
289 3495 398 3549 Androt.
415 3513 442 3562 p.
460 3492 520 3546 705.
538 3497 568 3545 n.
584 3493 634 3559 [ed.
649 3487 793 3554 Francobb·
814 3488 867 3537 Ubi
879 3488 907 3538 in
919 3498 1069 3539 transcursu
1078 3489 1241 3555 attinguntur

218 3561 387 3629 elspoaatal
402 3559 457 3617 alred
472 3563 653 3627 Ναυσινίκου.
686 3564 755 3621 Quas
769 3567 875 3623 propter
887 3558 1038 3607 Philoelrori
1054 3559 1140 3607 locum
1153 3559 1241 3623 potius

218 3634 391 3685 intellexerim
403 3653 459 3685 esse
469 3633 628 3692 cellationes
641 3626 884 3691 Nausim'eastrcb.
900 3626 1057 3687 irasciturus,
1076 3643 1154 3692 quam
1165 3627 1241 3675 Nau-

217 3703 504 3768 sinicum,qnaestorem
516 3702 652 3767 quendem,
666 3710 694 3749 ut
709 3696 779 3757 apud
791 3695 925 3745 Reiskiurn
939 3705 979 3742 est
990 3695 1018 3744 iu
1031 3693 1089 3744 Iud.
1103 3696 1240 3743 Demostb.

217 3770 311 3821 histor.
326 3773 401 3823 cont.
414 3771 664 3837 Tayloruruinllot.
679 3786 706 3834 p.
718 3762 777 3816 679.
791 3775 817 3813 et
832 3763 1018 3813 Cossinius
1035 3763 1067 3812 T.
1083 3764 1125 3811 lll.
1140 3780 1166 3828 p.
1178 3759 1240 3812 301.
1310 3762 1313 3767 ’

181 3855 315 3977 79ivgnus
326 3857 473 3977 locns9gst,
493 3855 612 3923 quilinio
626 3852 772 3903 sententiae
784 3848 889 3900 obstare
901 3849 1030 3913 videatur,
1048 3847 1118 3915 apud
1129 3850 1240 3898 Isaeum.
1283 3924 1286 3932 ῃ

242 3945 251 3975 ι
271 3961 279 3974 .
295 3937 384 3977 notam
436 3962 442 3975 .

182 4006 224 4070 80)
242 4013 353 4078 Propter
368 4006 564 4077 posterius'vid.
578 4010 648 4058 Orat.
659 4007 719 4058 adv.
734 3992 832 4072 Polycl.
846 4020 871 4069 p.
890 4002 964 4056 1085.
975 4008 1006 4054 B.
1029 3982 1253 4067 [οο1.Ι«“υοοοοῖ.].Δ

215 4079 291 4129 Prius
305 4079 371 4130 illud
385 4080 536 4128 factumest
551 4089 621 4127 certe
632 4078 693 4128 cire.
705 4077 807 4142 Olymp.
823 4071 970 4134 103.‚teste
979 4078 1052 4122 Orat.
1066 4071 1086 4118 l.
1100 4069 1127 4118 iu
1136 4069 1239 4134 Aphob.

217 4166 243 4214 p.
258 4147 315 4197 896.
329 4155 369 4210 A,
381 4147 454 4197 cuius
468 4143 620 4194 loci'canssa
635 4147 786 4195 Orationem
802 4159 858 4191 eam
873 4142 963 4190 laudat
976 4143 1102 4204 llaqiocr.
1119 4136 1136 4185 l.
1153 4154 1175 4185 c.
1192 4137 1240 4185 ui-

96 4187 116 4272 ,'
202 4216 386 4266 -scimusinde
401 4225 428 4266 et
443 4232 474 4264 ex
489 4216 520 4262 tt.
538 4213 565 4262 in
576 4214 681 4280 sphob.
697 4230 724 4278 p.
737 4210 797 4263 906.
812 4215 852 4272 A,
867 4210 1041 4259 collatastnm
1056 4205 1240 4255 Demosthenis

217 4285 324 4335 nomine
336 4284 493 4337 emtoribus
512 4282 567 4332 eius
580 4300 638 4335 esse
654 4282 689 4332 da
700 4281 778 4331 ruistis
795 4277 894 4329 vicenis
907 4278 995 4344 quiuis
1012 4274 1149 4326 drachmas
1161 4275 1238 4340 qnin-
