2730 4746
124 174 311 300 'ne-3
394 230 397 237 ·
511 164 884 295 sn‘norsrionas
947 182 989 197 ”

148 374 270 456 ingenii.
285 368 378 438 ‘Beni
388 378 489 454 potest
502 391 572 433 caan
589 370 677 451 aad,
698 373 730 435 h.
742 393 777 434 ve.
797 373 956 450 theotisco,
977 378 1012 455 et⁴
1024 393 1061 446 oa
1081 374 1150 436 cnm
1165 370 1269 431 aare·

147 460 288 536 coariani,
308 460 428 538 sedper
442 459 551 518 iocum.
574 459 677 536 Neque
693 458 815 536 dignum
831 458 864 517 id
878 467 950 543 erat,
972 457 1055 537 quod
1070 456 1104 516 in
1120 456 1254 516 dedecus
1316 449 1321 457 ’

120 600 123 612 ,
142 545 258 615 ,summi
278 542 340 603 viri
360 543 400 602 ad
419 553 556 622 posteros
574 544 754 603 traderetur.
769 540 797 621 *)
820 542 972 601 Sententia
985 550 1045 600 est:
1071 561 1140 613 eum
1152 540 1254 599 Lindo

146 638 268 712 praeter
286 629 465 707 Bosporum,
488 627 646 707 antiquum
663 627 841 706 emporium,
864 627 945 706 quod
964 620 995 684 ei
1012 624 1077 684 iam
1087 625 1204 684 dudum
1219 624 1256 682 in

148 713 285 776 saucibus
301 709 392 771 Ponti
414 713 519 796 fuisset
530 757 540 789 ,
570 732 685 772 novum
706 712 832 788 aliquod
844 708 933 790 apud
945 709 1152 769 Theodosiam
1173 720 1266 768 con-³*

149 799 284 858 didisset.
299 816 402 856 amsa.
433 796 513 874 Ergo
538 805 714 874 antequam
733 794 918 869 Theudosia,
939 794 1024 852 locus
1044 793 1158 853 Austro
1176 815 1257 873 pro-

149 884 236 963 pior,
257 900 338 940 cum
358 890 453 961 portu
465 881 680 961 opportuniore
695 892 727 939 et
742 879 824 938 haud
839 879 930 937 dubie
946 879 1069 937 navium
1095 877 1258 957 capaciore
1321 905 1328 917 ’

149 964 298 1046 mercatui
320 970 491 1044 aptaretur,
513 964 708 1024 naviculariis
728 963 959 1023 Atheniensibus
976 983 1070 1022 unum
1084 962 1257 1040 emporium

150 1051 239 1111 huius
257 1059 375 1108 tractus
399 1049 458 1108 fuit
478 1051 638 1129 Bosporus.
690 1048 781 1122 Quod
799 1068 909 1117 nomen
928 1047 1079 1126 posterius
1103 1055 1133 1104 et
1151 1045 1282 1123 hic-et·
1316 1066 1336 1087 -·

151 1157 182 1216 p.
204 1139 276 1209 468,
301 1139 350 1199 10.
367 1155 434 1203 711011
458 1133 588 1211 regionis
610 1132 792 1212 acceperim,
820 1131 1003 1210 sedoppidi
1023 1131 1062 1189 ad
1083 1130 1258 1210 Bosporum
1313 1182 1316 1187 .

152 1216 343 1292 Cimmerium
360 1219 419 1294 siti,
442 1219 555 1277 seriore
569 1218 766 1297 aevoprimae
781 1216 913 1282 civitatis
932 1219 1142 1282 Sarmatarum.
1183 1215 1257 1273 Non

152 1303 312 1376 diversum,
327 1303 360 1360 id
381 1302 527 1381 oppidum
551 1302 611 1360 nisi
634 1302 757 1361 nomine
774 1322 792 1358 a
812 1301 1025 1380 Panticapaeo,
1059 1299 1152 1382 nobili
1172 1298 1256 1374 loco,

151 1387 242 1465 trahet
254 1396 319 1444 tum
334 1386 448 1447 Plinius
463 1385 501 1444 Η.
521 1386 557 1445 Ν.
578 1386 629 1462 IV,
653 1392 702 1460 12,
723 1389 775 1451 24.
796 1393 862 1444 turn
876 1385 927 1443 alii
943 1394 1103 1457 veterum,
1115 1404 1132 1441 s
1143 1403 1257 1465 recen·
1283 1437 1293 1447 ,
1312 1417 1315 1421 ·

152 1471 281 1547 tiorihus
297 1463 436 1548 inprimis
450 1471 623 1548 Peyssonel.
633 1469 667 1527 in
684 1470 824 1530 Observa.
837 1490 893 1531 aar
907 1470 950 1526 les
958 1469 1083 1547 periples
1101 1466 1257 1551 barbares,

153 1558 210 1634 qni
228 1566 280 1627 ont
299 1553 403 1611 habite
421 1555 464 1612 les
485 1552 577 1612 borda
596 1552 640 1611 du
658 1554 793 1612 Danube
807 1564 835 1610 et
848 1551 893 1610 du
906 1555 1127 1611 Perat-Euxia
1146 1573 1186 1629 p.·
1201 1553 1257 1618 98.

153 1639 255 1717 Neqne
277 1637 310 1696 in
327 1639 456 1697 Oratore
472 1648 578 1723 nostro
604 1637 767 1716 quidquam
793 1647 837 1696 est
851 1657 1022 1723 repugnans
1040 1636 1114 1695 huie
1134 1633 1259 1716 rationi,

62 1774 64 1778 ,
107 1792 115 1803 .
153 1743 193 1783 ne
208 1721 480 1797 dicenturnam
496 1722 716 1800 quodammodo
732 1723 833 1782 locum
847 1720 915 1780 adv.
926 1721 1036 1780 Lacrit.
1052 1743 1083 1800 p.
1098 1722 1170 1785 953.
1192 1715 1258 1800 [ed.

136 1805 314 1883 ‘Francofi],
337 1806 392 1880 uhi
404 1802 573 1867 Theudosia
589 1816 619 1866 et
633 1807 862 1884 Panticapaeum
877 1804 1009 1884 emporia
1022 1802 1136 1884 pluries
1151 1805 1259 1863 eodem

89 1954 92 1959 ,
155 1889 381 1968 coniunguntur
396 1891 497 1966 modo,
520 1911 581 1969 quo
596 1890 627 1950 h.
640 1891 663 1948 l.
678 1889 849 1949 Theudosia
863 1899 894 1949 et
908 1891 1068 1968 Bosporus.
1089 1889 1130 1948 At
1145 1887 1260 1967 prioris

154 1975 264 2035 horum
281 1975 420 2033 locorum
431 1974 585 2055 scriptura
599 1974 675 2034 mire
688 1973 741 2034 hic
753 1974 868 2050 variat,
887 1983 924 2033 ut
940 1973 1078 2032 nonnulli
1095 1973 1186 2032 etiam
1200 1973 1260 2032 de·
1331 1978 1339 1991 ‘

156 2056 256 2118 derint
280 2060 449 2119 Θευδασίαν
463 2068 494 2116 et
505 2055 690 2136 Εὕδασίαν,
701 2061 831 2118 alterum
850 2076 890 2117 ex
905 2058 999 2119 altero
1014 2067 1203 2137 corruptum,
1228 2066 1260 2117 et

51 2194 54 2201 ,
155 2142 214 2201 hou
231 2141 359 2218 quidem,
374 2136 544 2219 Evidentes,
565 2142 601 2201 ab
617 2142 715 2222 operis
733 2142 765 2200 in
778 2162 840 2200 una
852 2142 967 2201 Frfurt.
989 2143 1066 2202 Vera
1079 2141 1168 2201 unice
1184 2151 1261 2201 sunt

158 2226 307 2288 Θευδοσία
321 2234 350 2282 et
367 2226 530 2302 Θεοδοσὶα,
552 2227 709 2285 diversitas
728 2228 828 2285 autent
844 2225 920 2285 haec
933 2225 1027 2299 solius
1048 2222 1178 2303 dialecti,
1199 2245 1261 2285 neo

16 2330 49 2365 ·,·
156 2309 306 2368 caminus
321 2310 354 2367 in
370 2309 515 2368 similims
530 2310 704 2368 nominibus
727 2310 829 2385 obvia,
852 2310 886 2368 in
897 2310 999 2368 latinis
1017 2330 1145 2389 quoqne,
1158 2316 1204 2389 ‘ut
1224 2308 1261 2368 iu'

50 2450 59 2458 ,
121 2457 124 2461 ,
163 2391 360 2470 Theudosius,
383 2393 573 2470 -tteudorm,
594 2393 782 2453 'lhezsdricns
796 2405 852 2453 etc.
873 2394 951 2453 Vide
964 2397 1064 2452 Koen.·
1079 2395 1115 2452 ad
1134 2395 1268 2471 Gregor.'

157 2479 196 2535 de
210 2478 335 2536 Dialect.
357 2498 402 2554 gr.
422 2499 453 2556 p.
473 2485 524 2547 76.
540 2476 570 2537 et
585 2472 660 2544 222.
682 2489 712 2536 et
727 2480 891 2537 Burmann.
914 2480 977 2537 Se'e.
1000 2479 1039 2538 ad
1051 2478 1260 2551 Antholaeljat.

88 2639 91 2642 ι
157 2561 192 2620 Τ.
207 2560 231 2618 l.
245 2582 275 2638 p.
291 2565 363 2625 249.
384 2561 525 2620 Nostram
537 2570 609 2620 vero
625 2562 804 2641 scripturam
817 2561 868 2619 hic
890 2562 1010 2640 quidam
1029 2568 1164 2641 praestat
1180 2572 1260 2621 con*-

125 2710 128 2717 ¹
158 2663 264 2703 sensus
285 2645 441 2720 codicum,
463 2645 552 2723 plane
571 2648 605 2722 ut
619 2646 652 2704 in
665 2647 804 2725 Polyaen.
818 2646 855 2705 V.
869 2651 920 2711 23.
934 2655 963 2705 et
979 2647 1107 2724 Appian.
1122 2646 1259 2706 Mithrid.

50 2808 53 2815 Ι
159 2736 185 2787 'c.
209 2733 281 2795 108.
303 2749 401 2808 seqq.,
424 2729 482 2787 ubi
498 2738 598 2788 tamen
621 2733 705 2788 nu'ne
730 2730 865 2806 cogimur
885 2730 981 2808 legere
1000 2732 1154 2792 Θεοδοσία.
1182 2723 1267 2789 Loci

158 2812 268 2893 ipsius,
291 2835 379 2892 quem
393 2813 490 2892 Leuca
510 2814 647 2891 demum,
665 2824 783 2894 patrem
803 2814 953 2872 obsidioni
978 2815 1040 2872 eius
1062 2806 1261 2874 i'mmortuum
1288 2800 1296 2845 '¹

96 2893 110 2904 '
159 2898 340 2974 aemulatus,
371 2918 556 2976 expugnasse
580 2918 731 2976 regnoque
759 2899 934 2978 Bosporano
949 2899 1104 2963 ,adiecisse
1125 2900 1259 2981 videtur,

158 2981 220 3040 loci
242 2981 351 3062 igitur,
371 2991 513 3059 tanquam
529 2991 664 3041 vetustae
680 2982 814 3040 coloniae
826 2982 974 3057 Milesiae,
996 3002 1102 3060 magna
1119 2982 1267 3062 inprimis·

159 3063 314 3123 fertilitate
335 3065 462 3140 nobilis,
495 3065 676 3124 mentionem
695 3075 814 3145 praeter
836 3066 906 3127 illos
926 3065 1043 3125 'faciunt
1065 3068 1171 3126 Strabo
1187 3065 1260 3127 Vll.

158 3169 191 3229 p.
213 3153 285 3214 478.
315 3146 434 3207 Arriam·
453 3150 564 3229 Peripl.
583 3151 672 3209 Pont.
695 3150 772 3211 Bux.
793 3173 823 3229 p.
850 3151 1076 3230 20.'An0nyrn.
1105 3152 1139 3209 in
1163 3150 1260 3210 eiusd.
1328 3189 1333 3194 -

12 3208 15 3223 ⁵
87 3264 89 3269 ·
160 3250 273 3311 argum.
295 3232 404 3313 Peripl.
420 3254 450 3312 p.
464 3235 494 3300 5.
509 3234 555 3294 ed.
569 3233 707 3295 Hudson.
724 3235 865 3315 Stephan.
882 3237 949 3313 Byr,
966 3254 995 3292 v.
1012 3237 1167 3310 Θὲοὸοσία,
1179 3235 1260 3307 Pliu.

159 3317 197 3376 fl.
216 3318 252 3376 N.
273 3318 330 3392 lv,
348 3324 397 3390 12,
420 3322 471 3381 26.
490 3319 633 3377 Ammian.
653 3320 753 3393 XXII,
772 3325 801 3384 8.
823 3319 1001 3396 Harpocrat.
1022 3319 1052 3378 h.
1067 3340 1097 3378 v.
1118 3319 1260 3378 lornand.
1285 3348 1296 3362 x

160 3401 228 3458 Bor.
248 3401 314 3457 Get.
332 3421 358 3456 c.
373 3403 414 3473 5,
435 3409 472 3457 ut
485 3401 559 3458 alios
574 3400 701 3475 mittam,
717 3402 792 3478 quos
812 3402 957 3460 Cellarius
975 3402 1057 3461 dedit
1072 3405 1100 3462 N
1102 3404 1166 3461 otit.
1183 3396 1274 3462 Oro:
1324 3438 1331 3448 ,

110 3515 117 3521 -
161 3483 252 3560 antiq.
271 3482 306 3540 Τ.
324 3481 346 3539 1.
364 3503 394 3561 p.
415 3484 486 3547 511.
507 3482 778 3543 Theudosiaehuie
794 3485 827 3542 in
843 3486 946 3544 eodem
966 3476 1064 3546 tractu
1084 3484 1262 3566 successisse

161 3565 282 3641 Gallam,
304 3565 471 3646 emporium
486 3565 636 3645 hodieque
654 3568 767 3626 celebre
782 3574 956 3646 mercatura,
977 3572 1109 3630 maxime
1121 3573 1261 3630 frumen·-
1320 3630 1326 3637 ,

53 3663 56 3667 ’
117 3699 121 3709 .
148 3649 246 3726 tarta,
266 3649 449 3708 tralaticium
462 3660 514 3727 est.
535 3651 610 3709 Nam
627 3652 707 3731 quod
717 3652 837 3728 Vossius
853 3655 891 3710 ad
905 3648 1053 3734 Anonym.
1067 3657 1087 3713 l.
1105 3676 1131 3713 o.
1147 3656 1262 3714 obvert-

160 3734 208 3810 iit,
224 3729 281 3814 τήν
293 3737 392 3811 Kopai
406 3736 617 3818 eratanostrae
634 3737 802 3814 posteriore
820 3757 892 3795 aeva
908 3737 988 3796 inter
1002 3760 1032 3798 se
1050 3739 1203 3815 distingui,
1225 3728 1261 3797 id
1284 3726 1302 3761 ⁸*

160 3818 236 3878 mihi
249 3817 352 3877 minus
362 3817 698 3900 videtur‘explo'ratun'a
710 3842 789 3889 ,csse
833 3823 1008 3880 Suaautem
1025 3832 1119 3882 aetate
1131 3825 1262 3902 Anony‘-

161 3910 227 3962 tuus
247 3903 304 3987 iste
327 3902 415 3961 docet
442 3903 556 3961 urbem'
575 3903 705 3983 dialecto¹
730 3905 928 3985 Barbarorum
952 3907 1055 3966 vocari
1075 3908 1259 3983 Ardeatium,

162 3988 245 4064 quod
256 4000 366 4046 nomen
379 3987 416 4045 ab
431 3986 498 4067 ipso
514 3987 683 4067 explicatur
699 3983 855 4064 ἕπτᾶθεος.
877 3990 938 4048 lam
953 3999 989 4050 ut
1004 3992 1110 4073 longae
1128 4000 1259 4050 annota-

162 4116 370 4131 m

161 4224 171 4234 .
196 4179 222 4247 1)
241 4174 311 4246 Quid
325 4188 510 4257 nuno—diceret
523 4187 563 4238 vir
577 4190 704 4256 optimus,
723 4191 745 4240 si
760 4189 824 4240 tales
836 4207 878 4239 ma
898 4189 971 4258 isque
986 4189 1064 4241 etiam
1076 4190 1200 4243 mirificos
1214 4191 1262 4243 in-'

79 4258 91 4281 ¹
209 4288 227 4321 ,.
244 4250 316 4318 genii
329 4252 402 4305 lusus
416 4267 446 4308 ut
462 4275 504 4309 res
523 4256 635 4311 matime
647 4262 727 4311 serias
744 4258 829 4326 ingeri
846 4208 923 4310 nohis
937 4258 1061 4311 viderat?
1086 4256 1237 4312 acuemus(
