2730 4746
178 216 244 281 416
284 262 291 275 .
557 207 946 283 ἈΝΝΟΤΑΤΙΟΝΕὸ-

91 400 97 445 ·.
179 389 355 449 inclinarem
368 386 438 465 hnc,
459 388 676 469 utsuspiearer
689 389 882 459 scribendum
897 388 950 452 καὶ
964 385 1021 470 τὴν
1033 384 1139 466 δεξιάν
1153 389 1191 452 οἱ
1203 380 1287 471 ἐμβα.

109 500 115 511 ·
177 471 318 556 βληκότα.
341 494 498 533 cananaea.
605 484 613 491 ’
1024 504 1045 539 ι,
1240 530 1244 539 ,
1266 490 1273 499 “

262 561 295 619 Ρ.
312 560 384 623 554.
399 579 428 616 v·
448 561 498 623 25.
521 552 665 634 ἆξιοῦντα
679 593 730 636 -,
751 554 833 632 ὅπως
857 552 896 621 aiv
915 553 1076 644 διαλλάξῃ]
1106 559 1287 621 Herodotus

175 645 213 704 ll·
238 649 308 710 126.
329 643 470 720 δέεσθαι,
499 639 577 717 ὅκως
603 640 863 725 νῖν-δωρέοιτο.
891 642 943 701 ubi
962 643 1026 723 ¹fuit
1046 664 1116 703 cum
1138 638 1184 707 οἶν
1210 644 1305 725 milrix

177 738 349 809 suspectum
367 737 452 787 esset.
479 729 549 786 Sina
565 749 665 788 causa.
688 729 772 788 Idem
793 729 843 787 lll.
865 732 917 794 44.
939 723 1070 808 ἐδεήθη,
1092 724 1176 803 ὅπως
1194 725 1289 792 ἃν·-

177 815 283 877 ἅὲοιτο.
320 813 439 872 Rarior
454 824 553 872 autem
584 813 659 871 haec
687 814 829 881 similisve
861 813 1065 876 constructio:
1097 814 1191 892 longe
1222 814 1289 875 fre-

142 904 144 909 '
177 900 319 978 quentior
332 900 424 956 altera
438 899 489 955 illa
505 920 572 957 cunr
588 898 749 974 infinitivo,
770 899 856 957 cuius
869 898 1041 977 exemplum
1057 919 1130 958 mox
1142 900 1289 981 sequitur

176 1006 208 1065 p.
230 985 303 1051 555.
324 983 366 1043 in.
388 984 424 1042 V.
445 984 543 1042 llelet.
566 984 639 1042 erit.
660 1005 691 1062 p.
715 990 787 1049 121.
809 1003 968 1042 senuna.

262 1072 295 1129 P.
310 1070 383 1135 554.
396 1090 427 1128 v.
438 1074 492 1134 27.
513 1063 620 1147 τιλτὸν]
645 1065 738 1130 ον’τὸν
753 1068 890 1127 lliudors.
913 1089 1071 1128 scaarrnn.

262 1157 295 1214 P.
309 1157 383 1220 554.
396 1175 426 1212 v.
442 1161 493 1220 28.
516 1152 630 1231 εἰπεῖν]
661 1151 739 1232 [ελ]
768 1154 864 1215 εἰπεῖν
881 1151 955 1214 Ven.
979 1173 1110 1212 naraon.
1130 1150 1227 1232 Vulg.
1249 1153 1287 1217 εέ.

178 1239 274 1303 εἰπεῖν
295 1240 323 1301 ελ
342 1240 473 1316 Lessing.
504 1240 628 1298 Correxi
643 1238 747 1301 εἰπεῖν.
769 1238 900 1297 Tametsi
913 1238 1034 1314 vulgata
1048 1237 1289 1342 possitdelansli

102 1360 105 1365 ·
178 1326 401 1405 quodammodo
416 1335 447 1383 et
461 1324 573 1406 exponi
587 1324 646 1382 sic:
663 1322 704 1386 ἐοῖ
714 1319 772 1405 γιῖρ
787 1325 894 1403 ζητεῖν,
908 1322 936 1386 ελ
948 1323 1039 1398 φίλον
1047 1322 1204 1402 ηδίκηκεν.
1226 1324 1289 1383 Sed

176 1409 238 1470 hoc
259 1410 422 1489 perdurum
444 1419 504 1485 est,
527 1418 557 1466 et
578 1410 627 1468 vcl
646 1409 691 1466 sic
711 1418 813 1467 tamen
826 1407 1036 1466 addideberct
1056 1410 1163 1486 ζητεῖν.
1186 1428 1287 1468 αιτιοι.

178 1497 347 1579 εἰρΒολλεειτ.
370 1495 459 1566 Quod
474 1495 564 1551 unice
578 1514 694 1552 verum.
715 1494 837 1552 Plenior
848 1491 979 1552 locutio:
1002 1492 1043 1554 ἐοῑ
1059 1489 1117 1573 γνῖρ
1130 1490 1243 1573 λέγειν,
1260 1493 1290 1555 el

178 1581 271 1656 φίλον
287 1575 492 1656 ἐσυκοφάντει.
514 1577 678 1657 Dionysius
693 1572 799 1658 Halic.
812 1579 845 1637 Τ.
867 1578 904 1636 Il.
920 1599 949 1656 p.
967 1584 1059 1643 1212.
1079 1579 1116 1636 R.
1138 1572 1216 1652 ὅσας
1229 1576 1286 1659 μὲν

178 1655 236 1726 οὖν
249 1657 564 1742 πόλεις-ιλπηκόοος
580 1655 773 1743 ἐποιήσαμεν,
796 1663 845 1724 ἐῶ.
868 1682 1027 1722 scuanren.
1163 1668 1167 1672 '

262 1751 294 1815 P.
309 1751 381 1815 555.
397 1743 427 1807 r.
449 1756 475 1812 1.
502 1745 607 1826 αὑτὸν]
634 1742 771 1830 [αὐτόν]
794 1744 903 1823 unedo,
925 1770 964 1805 se.
987 1767 1166 1806 mannaan.
1190 1741 1301 1810 αιῖτόν·

71 1892 75 1898 ,
176 1824 276 1894 iteisk.
295 1844 323 1892 et
336 1831 463 1893 Bekker.
487 1830 581 1896 osirin
594 1853 712 1892 mecum
726 1834 901 1892 Buttmann.
917 1843 947 1890 et
963 1833 1099 1892 Dindors.
1120 1852 1294 1893 sensurae..

261 1921 292 1978 P·
308 1906 382 1987 555.
399 1924 467 1983 v·2·
488 1919 721 2001 προσεκβαλεῖν]
745 1919 777 1980 ἐκ
795 1923 850 1998 τῆς
873 1920 1030 1998 πατρίδος,
1054 1917 1137 1996 quod
1157 1917 1286 1977 additur

176 2025 208 2084 p·
220 2007 292 2080 552,
312 2011 360 2069 12.
383 2005 520 2064 Ceterum
536 2005 657 2062 adverte
671 2004 851 2062 locutionem
871 2002 1082 2082 pleonasticatn
1104 1997 1187 2083 μετ’
1210 2001 1286 2065 iusi-

176 2113 234 2152 νον
247 2108 343 2172 προσ
352 2091 495 2170 εκβαλεῖν.
513 2089 598 2146 conf.
609 2087 775 2147 Lobeckius
783 2090 822 2146 ad
829 2087 992 2167 Phrynich.
1003 2109 1032 2166 p.
1041 2090 1112 2154 354.
1123 2108 1284 2146 sonanrnn.

261 2176 294 2233 P.
309 2176 380 2240 555.
394 2176 467 2238 v.5.
487 2168 532 2252 cai]
554 2172 661 2232 Visum
680 2172 763 2231 mihi
780 2193 898 2251 quoque
920 2174 1080 2251 aliquando
1101 2173 1176 2247 suit,
1202 2172 1285 2252 quod

176 2257 372 2334 ltlarklando‚
393 2263 449 2322 τοῦ
470 2277 533 2315 esse
547 2257 715 2334 legendum.
743 2259 802 2316 Sed
815 2258 890 2316 bone
906 2255 997 2316 habet
1017 2254 1052 2321 co*
1061 2305 1070 2334 ‚
1092 2267 1123 2316 et
1141 2255 1285 2316 haec·eat

107 2342 111 2351 ’
176 2340 337 2422 explicatio
356 2342 554 2431 superiorum,
575 2337 608 2404 τὸ
624 2342 697 2415 ἔθος
710 2343 762 2406 καὶ
775 2339 808 2405 τὰ
823 2336 1062 2423 κατασκεύασμα,
1083 2362 1184 2402 arser.
1206 2342 1284 2400 Ubi-

173 2449 245 2488 nam
261 2429 455 2488 Marklandus
471 2428 621 2488 censuerit
635 2424 667 2490 τὸ
681 2429 713 2486 in
732 2433 788 2490 τοῦ
806 2429 982 2487 mutandum
995 2428 1118 2505 ignoro:
1130 2427 1284 2492 ‚videtur-
1313 2498 1317 2503 Ι

65 2525 73 2532 ”
176 2513 1283 2591 queReiskiushucretulisseqnodAnglusadv.15.uotaverat.scnanran.

252 2599 372 2662 P.555.
389 2620 418 2656 v·
435 2604 464 2660 7.
495 2592 570 2657 ἄλλα
592 2595 820 2675 annastasius
843 2591 1012 2678 ὀργιστέον,
1043 2598 1284 2681 ἐκλογιζομένοις

176 2704 205 2743 τι.
226 2703 250 2743 τ.
276 2681 318 2760 λ]
340 2675 455 2753 πάντας
481 2680 591 2760 ὁμοίως
612 2675 781 2762 ὀργίζεσθαι
800 2678 947 2764 προσήκει
967 2691 1031 2756 τοῖς
1054 2683 1214 2766 ιλβρισταῖς
1229 2682 1283 2745 καὶ

175 2766 389 2848 ἐκλογίζτσθοῐι.
417 2767 611 2826 Consu-unio
629 2776 674 2824 est
690 2771 747 2829 τοῦ
767 2773 897 2829 θετικοιῖ
915 2763 1136 2849 ἐπιρβήματος,
1157 2762 1230 2848 οὖγῖ
1249 2765 1282 2829 tl

160 2850 269 2931 ἡτοιῖ
281 2847 414 2933 βήματος
431 2855 503 2928 ἰδία,
526 2852 579 2910 etsi
594 2852 626 2909 id
641 2852 739 2932 ipsum
753 2853 840 2911 etiam
859 2854 992 2912 dativum
1007 2855 1150 2933 postulat,
1171 2864 1211 2911 ut
1223 2849 1280 2934 lyei

176 2931 406 3016 ὄργλζομαατοῖς
427 2939 594 3017 ὑβρισταῖς,
616 2930 769 3017 ὀργιστέον
780 2937 847 3016 ἐμοὶ
861 2946 924 3010 τοῖς
937 2937 1102 3020 ὕβρισταῖς.
1128 2939 1281 2998 Observa-

104 3028 127 3047 ''
175 3029 228 3077 tur
243 3030 271 3077 et
290 3021 483 3099 participium
496 3021 587 3078 dandi
599 3041 670 3084 casu
682 3021 823 3100 positum,
834 3033 870 3081 ut
883 3044 949 3082 curn
959 3025 1043 3083 verbi
1055 3024 1281 3083 certatructioue

171 3105 353 3164 consentiat.
371 3105 453 3164 Alias
464 3107 642 3186 plerumque
650 3108 830 3181 accusativo,
841 3103 921 3169 ταῦτ’
934 3105 1099 3190 ἐγνωκότας
1108 3110 1161 3171 καὶ
1169 3112 1280 3191 λογιζο-

175 3188 285 3268 μένους
294 3200 323 3248 et
332 3191 669 3272 ἐνθομονμὲνοος,’σιιοι
680 3192 796 3251 scilicet
804 3195 896 3252 verba
905 3197 1114 3273 praecedentia
1128 3194 1279 3254 accusati-

173 3295 248 3332 vum
258 3278 421 3353 postulant.
435 3297 535 3336 wonr.
553 3277 690 3337 Verbalia
703 3277 792 3336 etiam
803 3280 973 3339 accusativo
987 3281 1071 3358 iungi
1084 3281 1139 3340 vix
1148 3301 1227 3360 opus
1235 3291 1279 3339 est

174 3367 210 3416 ut
230 3381 375 3420 moneam.
403 3360 488 3421 Plato
511 3360 741 3440 Leggsyllap-
773 3368 845 3428 808.
874 3365 948 3422 Hst.
979 3363 1054 3428 ἄνευ
1078 3365 1226 3445 ποιμένος
1245 3360 1283 3427 δέ

175 3440 245 3504 οὕτε
253 3440 391 3524 πρόβατα
401 3444 471 3508 οὔτε
487 3444 559 3508 ἄλλο
573 3439 663 3506 ον’ὃέν
674 3469 722 3506 πω
737 3447 888 3525 βοιωτέον.
906 3450 984 3528 adq.
999 3451 1276 3530 1.Astiusp.369.:

175 3515 338 3605 ,,βιωῖὲον,
359 3530 378 3588 i.
401 3550 436 3604 ε,
457 3531 548 3609 βιοῦν
568 3530 617 3590 δεῖ
623 3550 631 3603 3
653 3528 727 3587 hinc
743 3525 878 3617 πρόβατα
893 3543 922 3590 et
935 3531 1023 3610 ἄλλος
1045 3536 1181 3594 verbalia
1197 3534 1277 3595 enim
1328 3556 1330 3561 ’

83 3666 87 3673 ,
174 3620 204 3669 et
222 3611 323 3669 dativo
340 3623 370 3671 et
384 3615 553 3673 accusativo
566 3633 711 3692 personae
722 3614 899 3692 iunguntur.
921 3620 984 3678 vid.
1005 3618 1220 3699 Wyttenbach.
1240 3618 1277 3679 ad

173 3695 291 3756 Muson.
304 3695 337 3753 in
355 3697 535 3759 Philomath.
555 3700 586 3757 P.
609 3698 643 3759 ll.
664 3720 695 3779 p.
718 3701 789 3764 15.“
809 3701 885 3760 Ibid.
906 3726 937 3783 p.
960 3710 1031 3773 809.
1051 3702 1197 3770 ἐτὲοντέν
1210 3705 1276 3787 μὲλ-

172 3785 264 3844 λοντα
276 3782 403 3862 πολίτην
420 3783 542 3846 ἔσεσθαι
554 3782 691 3864 μέτριον.
713 3786 792 3845 Vlll.
816 3808 845 3866 p.
868 3793 940 3853 833.
961 3786 1117 3876 πρεπούσῃ
1135 3788 1170 3852 δὲ
1185 3792 1275 3889 στολῇι

171 3862 282 3941 ταύτας
302 3867 481 3947 ἐσταλμένας
500 3869 686 3948 καταβατέον
704 3870 755 3932 ἐπὶ
772 3867 830 3949 τὴν
852 3866 979 3952 ἅμιλλαν
995 3871 1112 3940 τούτων
1133 3881 1196 3940 τοῖν
1211 3878 1275 3958 δρο-

173 3976 246 4031 μων.
271 3951 306 4012 V.
327 3953 425 4013 Melet.
448 3953 520 4013 en't.
540 3976 571 4035 p.
593 3959 645 4020 89.
660 3952 687 4036 *)
710 3976 867 4015 scnanrnn.

171 4089 378 4107 ——nh-

213 4171 239 4236 *³
260 4173 427 4293 rnen
445 4172 643 4294 ratur
661 4164 1016 4296 incinerans

259 4260 590 4380 salutantur..
609 4252 1276 4393 n...a'ratsrsrzrnrrrt
