2730 4746
207 237 249 303 25
323 182 329 196 ⁸
403 178 1093 304 utsunoirnrnonuoonn'ur

205 403 305 462 tenet.
348 399 475 459 Exercet
495 418 527 456 ea
547 398 710 456 simultates
734 388 803 475 cum¹
824 400 1019 479 plumbescit
1039 390 1173 462 numero
1185 402 1299 462 immu-

117 550 122 561 ⁴
205 488 297 560 nium,
319 484 427 561 hisque
439 482 570 562 proemia
585 503 639 542 suu
651 492 789 563 ereptum
802 484 873 542 ibat.
908 488 955 545 eit
967 496 1057 564 turpe
1073 496 1130 562 est,
1147 496 1183 544 ut
1195 489 1307 566 privs-f

204 581 250 631 tas
263 570 388 629 iniurias
402 588 580 647 persequare
588 611 597 642 ,
620 559 794 626 sonoritate
808 569 927 648 publica
943 571 1049 646 abetis
1060 581 1092 629 et
1106 571 1228 630 inimico
1243 581 1297 629 tuo

160 708 163 713 .
203 658 268 731 lege
287 654 418 732 eripere,
449 652 530 731 qnod
548 653 735 711 accusatione
757 662 788 711 et
810 653 923 717 iudicio
946 655 1077 714 conflate
1098 656 1214 737 eripere
1236 676 1298 714 non

101 795 104 801 .
206 739 349 809 sudeas‚“
959 798 964 807 ,
1067 768 1070 773 ·

198 833 202 838 ’
238 818 242 837 ’
290 821 456 901 „syndici‚
487 841 560 900 quos
580 822 709 901 populus
729 821 838 898 delegit
853 823 912 900 legi
934 823 1093 902 Leptinese
1119 824 1313 899 defensores,-

203 907 315 988 partim
333 906 469 986 suspecti
494 915 579 981 suist,
611 907 895 985 partiminiicieudi
911 918 1090 987 propterea,
1118 909 1199 986 quod
1219 908 1299 971 idem

205 991 405 1052 ministerium
420 990 467 1049 illi
480 990 540 1048 iani
557 1000 625 1048 ante
647 990 680 1049 in
692 991 763 1059 ‚aliis
776 992 885 1050 caussis
900 992 1071 1051 sece1·unt.“
1327 990 1330 999 '

225 1124 228 1129 ,
287 1075 505 1153 „Antiquanda
524 1074 617 1151 igitur
635 1076 686 1133 lex
707 1074 841 1154 Leptinis
863 1085 894 1134 ot
918 1076 952 1145 in
973 1076 1035 1146 eius
1056 1077 1159 1135 locum
1183 1076 1298 1135 substi-

201 1162 316 1221 tuenda
329 1161 408 1234 telis,
430 1179 504 1237 quae
521 1167 587 1219 tum
600 1159 729 1237 receptis
747 1159 861 1235 legibus
873 1180 936 1218 non
949 1170 1105 1238 repugnet,
1126 1170 1192 1219 tum
1202 1160 1299 1220 bonae

152 1300 158 1325 x
202 1248 297 1305 faniae
316 1244 445 1304 civitatis
471 1254 591 1303 nostrae
616 1245 767 1319 consulat,
795 1253 862 1301 tum
887 1244 1104 1319 incommodis,
1133 1244 1158 1302 si
1180 1264 1239 1326 qua
1259 1265 1299 1303 ex
1327 1244 1330 1249 ’

205 1329 445 1408 immunitatibus
461 1327 524 1386 oita
539 1336 618 1402 sunt,
640 1327 795 1386 medeatur
806 1325 848 1408 ⁵⁷)
871 1338 928 1387 etc.
998 1377 1004 1391 .,
1059 1402 1062 1407 Ι

92 1421 95 1425 ’
161 1418 196 1475 85
288 1406 365 1471 Satis
380 1410 510 1469 diximus
525 1413 561 1470 de
577 1422 750 1488 argumento
764 1411 915 1473 Orationis
938 1423 974 1480 ot,
987 1410 1067 1473 statu
1084 1410 1216 1477 caussae:
1236 1412 1298 1471 ita-

204 1491 261 1578 que
274 1498 413 1556 ridemur
425 1495 511 1554 nobis
526 1502 575 1554 'eos
593 1515 712 1574 quoque
728 1495 890 1572 adiuvans,
912 1497 965 1574 qui
982 1488 1087 1555 fortes
1101 1517 1221 1576 graecae
1233 1496 1297 1554 lin-
1353 1554 1357 1559 ,

202 1590 278 1660 gna'o
288 1578 461 1657 'cognitione
473 1580 679 1662 imparatiores
693 1579 730 1639 ad
743 1572 821 1638 hanc
830 1574 991 1640 lectionem
1004 1580 1192 1640 accesserint.
1213 1582 1299 1639 Patet

202 1666 274 1745 inm,
296 1686 355 1744 quo
368 1664 402 1721 in
422 1663 493 1723 or'be
506 1684 606 1724 rerum
623 1670 655 1721 et
666 1662 882 1747 sententiarum
897 1673 1032 1734 versetur
1049 1664 1169 1724 Oratio:
1188 1665 1223 1721 in
1236 1684 1298 1743 quo

201 1750 332 1831 inultum
348 1748 510 1807 'adiumenti
526 1748 625 1807 estad
647 1744 753 1806 melius
772 1742 1009 1827 intelligendum.
1059 1748 1198 1813 Attamen
1213 1757 1250 1805 ut
1264 1768 1297 1819 ea

202 1834 336 1909 anobis,
360 1832 413 1910 qui
424 1832 558 1910 legimus,
581 1831 680 1911 quoad
694 1831 834 1891 einsfieri
850 1834 960 1913 possit,
982 1834 1086 1893 eodem
1100 1833 1191 1897 modo
1204 1832 1298 1890 intel-

94 1930 97 1935 '
200 1918 328 1996 ligatur,
350 1937 411 1996 quo
426 1916 580 1975 intellecta
601 1917 753 1995 quondam
768 1926 813 1975 est
829 1916 934 1992 abiis,
958 1919 1011 1996 (sui
1025 1919 1180 1976 Oratorem
1195 1936 1297 1974 coram

201 2003 376 2061 audierunt:
397 2000 535 2081 inprimis
555 1998 760 2078 cognoscenda
783 2009 827 2059 est
846 2001 942 2075 ratio,
971 1998 1045 2081 ‹juae
1066 2001 1192 2065 Athenis
1214 1992 1297 2057 obti-

200 2087 277 2162 nuit,
290 2087 478 2164 publicornm
491 2095 648 2144 munerum
662 2085 874 2161 curandorum,
890 2105 946 2147 nec
960 2106 1024 2145 non
1033 2087 1133 2161 legum
1145 2086 1182 2141 ad
1196 2074 1298 2162 popu-

200 2172 266 2230 lum
283 2171 471 2232 ferendarum
495 2169 795 2248 abrogandae-umque.
824 2169 954 2248 'Quibus
976 2170 1138 2245 derebus,
1160 2168 1296 2226 siendum

179 2255 239 2313 ab
258 2256 340 2313 omni
360 2264 447 2334 parte
466 2255 595 2314 eliorum
623 2274 695 2313 cura
715 2254 888 2328 illustratis,
916 2255 1005 2331 longa
1028 2262 1103 2311 esset
1133 2252 1297 2330 disputatio

200 2349 322 2415 nostra,
344 2341 370 2399 si
390 2359 437 2398 eas
455 2348 581 2418 propter
595 2339 641 2396 ius
658 2338 791 2398 Atticum
803 2347 1012 2405 necteremus:
1041 2358 1125 2402 nunc
1148 2337 1218 2399 satis
1240 2337 1298 2395 erit

200 2425 342 2503 persequi
365 2444 412 2499 ea,
432 2443 526 2504 ¹quse
547 2422 639 2483 huius
666 2423 835 2503 scriptionis
862 2422 1033 2489 institutum
1058 2442 1183 2502 poscere
1207 2421 1298 2480 vide·

199 2509 287 2567 bitur
305 2506 372 2583 ³³³).v
428 2542 431 2547 ·
1075 2562 1079 2571 ,

287 2592 347 2654 lam
360 2589 493 2672 primum
506 2591 586 2650 illud
596 2596 724 2666 constat,
745 2591 911 2653 libertatem
925 2613 1016 2664 suam,
1029 2601 1185 2670 tantopere
1199 2591 1278 2649 iacta

200 2685 263 2741 tana
282 2676 547 2755 celebratamque„
562 2676 635 2733 olim
657 2676 751 2751 cirene
772 2676 921 2751 Atticum,
941 2685 977 2734 ut
999 2678 1183 2750 Romanum,
1213 2685 1243 2734 et
1261 2684 1297 2733 ut

161 2769 195 2823 86
204 2762 329 2840 quisque
341 2760 376 2818 in
392 2760 544 2819 simillima
563 2760 681 2840 republ.
695 2759 823 2835 vixerit,
849 2759 932 2821 haud
947 2780 1042 2838 parvo
1059 2761 1226 2820 redemtam.
1237 2759 1295 2817 ha-

63 2844 65 2849 ’
145 2898 147 2902 .
200 2846 310 2906 buisse.
350 2845 425 2904 Nam
443 2845 490 2903 nti
507 2844 550 2919 is,
572 2845 631 2923 qni,
642 2844 764 2905 civitate
789 2844 888 2923 dttica
910 2845 1077 2920 fruebatur,
1104 2844 1213 2903 summi
1232 2852 1297 2906 erat

202 2930 319 2988 consilii
347 2929 464 3006 publici
492 2929 643 3008 particeps
665 2937 759 3005 atque
789 2948 974 2989 summorum
1006 2928 1157 2992 bonorum
1181 2926 1296 2991 aditum

201 3022 353 3099 potentem
371 3012 499 3089 babebat
519 3023 641 3091 aequato
666 3012 796 3074 clinnum
813 3012 879 3079 iure
898 3020 1086 3090 estpotestate
1111 3010 1293 3091 imperandi3
1313 3007 1315 3011 ’
1355 3012 1357 3017 ’

203 3167 413 3189 *uu—vu·-

236 3265 279 3334 57)
298 3265 515 3319 Demosthenicee
527 3265 611 3334 legis,
628 3282 695 3336 quae
705 3265 855 3332 'Leptineae
873 3249 1028 3332 opponitur}
1053 3280 1102 3314 nec
1118 3261 1199 3315 verba
1214 3268 1294 3312 tene-

270 3354 344 3400 mus,
367 3355 417 3387 nec
433 3344 517 3385 totam
538 3337 703 3384 sententiam.
743 3334 844 3382 Petitns
865 3335 971 3400 quidem
990 3333 1019 3382 in
1038 3333 1094 3386 Isb-
1116 3335 1171 3382 ΔΑ.
1187 3348 1215 3396 p·
1233 3328 1293 3382 382.

270 3405 337 3457 haec
346 3405 425 3453 verbe
432 3404 531 3468 posuit,
544 3418 610 3468 quae
624 3401 818 3466 integumento
826 3418 921 3467 graeco
931 3401 1060 3466 Anonymi
1066 3400 1194 3466 'leguntur
1199 3417 1225 3465 p.
1231 3396 1293 3460 4⁵6,

271 3471 313 3524 16.
336 3468 393 3530 Tala
401 3464 515 3536 δωρεάς,
529 3461 596 3528 ὅσας
608 3465 623 3522 ὁ
633 3467 721 3534 δῆμος
733 3462 825 3530 ἔδωκε,
835 3468 934 3536 κυρίας
946 3463 1019 3521 εἶναι
1029 3485 1052 3527 κ.
1068 3485 1093 3524 τ·
1109 3469 1134 3524 1,
1150 3472 1187 3517 At
1201 3477 1295 3533 auctor

269 3538 371 3591 indicat
390 3540 463 3606 ipse,
481 3538 562 3588 verba
578 3538 645 3603 legis
665 3554 724 3588 ase
740 3554 794 3588 non
812 3537 878 3588 dari.
913 3538 1017 3607 Quippe
1039 3535 1077 3587 sic
1095 3535 1231 3605 praefatur
1242 3532 1295 3603 :sei¹

271 3603 324 3675 peip
341 3601 357 3660 ὁ
374 3601 576 3674 Δημοσθένους
592 3601 764 3676 βούλεται
780 3600 879 3669 niuem
1292 3620 1295 3629 ·

237 3676 456 3740 tetrantorum
481 3676 597 3743 priorem
620 3684 722 3741 purtem
748 3675 782 3725 de
806 3674 955 3726 muneribus
979 3672 1103 3740 Sigonius
1121 3670 1150 3724 itt
1168 3670 1238 3723 libro
1259 3670 1297 3742 de=

206 3795 210 3799 .
270 3746 383 3814 Republ.
396 3745 499 3797 Athen.¹
509 3746 555 3803 IV,
571 3743 598 3797 4.
617 3753 644 3795 et
656 3743 757 3801 Potitus
769 3744 826 3796 LL.
840 3747 893 3795 As.
909 3746 955 3807 Ill,
972 3741 998 3795 4.
1017 3761 1045 3810 p.
1062 3739 1123 3794 349.
1140 3756 1213 3807 seqq.
1230 3738 1294 3789 alii-

234 3872 240 3876 ,
271 3818 322 3881 que
335 3808 439 3882 plnr'es:
458 3823 484 3864 et
501 3811 685 3863 difficillimum
703 3812 790 3869 locum
809 3810 842 3862 de
858 3811 1012 3864 trierarchia
1029 3812 1109 3863 etism
1128 3810 1162 3881 (ἰ.ι
1175 3805 1293 3861 Budaeus

270 3885 304 3936 de
318 3889 383 3934 Asse
398 3892 425 3933 et
442 3881 560 3949 partibus
576 3881 631 3931 eius
643 3879 691 3929 lib.
707 3881 740 3930 V.
760 3896 787 3945 p·
806 3898 840 3929 m·
853 3876 913 3931 681.
931 3878 1004 3947 seq'q,
1019 3879 1149 3931 Sobel'i'er.
1164 3870 1292 3926 destitit.

269 3971 329 4004 nav.
343 3954 376 4014 ll,
396 3949 423 4002 4.
443 3959 470 4000 et
483 3949 646 4000 Tourrellins
662 3947 690 3996 in
712 3947 791 3998 Notis
807 3948 840 3997 sd
858 3948 993 3999 Demosth.
1009 3952 1053 3997 Or.
1067 3948 1101 3997 de
1119 3945 1222 3998 Corona
1234 3944 1294 4012 gal-

270 4021 322 4072 lice
341 4040 356 4072 a
374 4038 403 4071 se
420 4035 522 4070 versam
534 4017 563 4067 in
575 4022 691 4068 Oenvres
709 4015 743 4066 de
760 4016 945 4079 M.'l'⁰u1reil,
963 4014 1045 4076 Paris,
1061 4013 1137 4077 1721,
1154 4014 1179 4065 8·
1197 4013 1229 4063 Τ.
1246 4008 1295 4064 IV«

270 4106 299 4155 p·
317 4090 377 4143 501.
395 4105 468 4156 seqq·
504 4087 565 4149 Qui,
584 4102 650 4152 qnae
667 4083 751 4135 virtus
764 4092 806 4134 est
823 4085 959 4143 Gallorum
976 4100 1060 4150 paene
1077 4082 1202 4148 propris,
1219 4080 1294 4139 dilu-

273 4156 331 4207 cide
347 4158 483 4223 mnltoque
496 4173 573 4223 quam
586 4152 687 4205 Petitns
701 4161 729 4202 et
748 4151 793 4208 atii
810 4152 895 4217 eptius
912 4152 946 4203 ad
959 4167 1121 4202 communem
1136 4148 1291 4215 intelligen-

241 4263 244 4267 ψ
272 4224 335 4275 tiam
349 4225 383 4275 de
395 4242 425 4275 ea
436 4242 466 4275 ee
484 4223 597 4291 scripsit.
632 4220 685 4271 Sed
704 4237 753 4271 nos
772 4220 869 4287 passim
888 4220 1088 4282 suaderemus,
1119 4235 1185 4294 quse
1200 4229 1292 4270 osteu-

272 4292 353 4360 dant,
368 4293 452 4346 libros
464 4287 531 4344 istos
543 4294 628 4346 lectos
642 4307 658 4341 e
673 4288 750 4341 nobis
764 4304 830 4353 esse,
847 4305 902 4342 non·
914 4288 1069 4358 exscriptos.
