2730 4746
127 195 192 267 ³86
278 215 282 220 ι
456 182 863 249 'anrorsriorss
1107 162 1115 179 “
1237 160 1247 167 ’

163 424 166 433 ,
213 359 244 417 Ρ.
256 357 333 427 641.
345 375 374 416 v.
386 360 441 422 18.
462 349 642 438 ἀπράγμων]
652 312 827 432 forensium
846 336 949 414 rerum
960 350 1053 412 ‘rudis
1071 353 1233 434 interpre-

127 451 209 503 tetur
233 441 425 521 Spaldingius
456 440 496 500 ad
522 462 553 520 Ρ.
582 441 664 517 542,
693 445 744 507 16.
773 441 903 525 tina.
931 437 1107 499 Graecitat‘
1122 460 1156 518 p.
1178 443 1233 505 80.

127 548 285 589 scnsssra.
876 548 881 555 ·
1119 546 1129 557 ·

210 636 243 694 Ρ.
257 635 331 699 541.
346 653 376 691 v.
393 637 442 698 18·
464 622 539 693 ortt
552 628 603 692 καὶ
616 623 710 708 πάνυ]
724 629 866 688 Formula
879 630 979 689 statim
991 629 1137 690 recurrit:
1151 648 1233 708 qua·

62 720 75 729 ’
126 721 169 779 les
182 718 374 798 repetitiones
389 718 496 775 docent
509 698 675 794 simplicbm
688 715 898 774 narrationem.
919 736 1077 775 souuerse.
1160 726 1166 735 “

210 826 244 884 Ρ.
260 825 331 890 641.
345 843 375 881 v.
393 827 444 886 20.
468 815 524 884 οὐκ
543 817 645 902 ὀρθῶς
656 854 700 867 -
711 815 917 899 ἆαολῶλεκεν]
940 821 1030 879 Hunc
1048 819 1156 877 locum
1175 816 1233 893 its,‘

11 916 15 921 '
127 919 160 968 ut
173 910 256 988 legis,
269 906 467 987 complanavi,
482 906 703 964 fideiussoribus
719 905 842 984 optimis
855 907 949 981 MSS„
964 907 1087 963 Barocc.
1103 912 1137 960 et
1150 901 1240 981 Aug.-

113 994 208 1074 ,Olim
219 994 388 1070 legebatur:
412 984 468 1052 οὐκ
482 985 594 1071 ὀρθῶς,
613 985 686 1052 ditat
700 988 752 1050 καὶ
766 983 850 1051 πάνυ
866 991 1004 1070 αἰσχραῖς,
1019 981 1233 1059 οὕδὲδιααίως
1260 1062 1264 1073 ¹

127 1072 322 1140 &aaronem
344 1096 474 1134 rnrnon.
506 1074 558 1133 Sic
579 1074 667 1132 etiam
680 1074 714 1131 in
724 1074 880 1132 Lutetiana
892 1075 1010 1151 legitur.
1042 1072 1140 1131 Verba
1155 1065 1233 1132 midi

127 1163 256 1235 δικαίως,
263 1162 409 1221 collocata
425 1169 497 1218 sunt
510 1157 544 1216 in
556 1159 680 1236 August.
687 1159 792 1249 primo
806 1167 876 1238 post
887 1152 998 1237 ὀρθῶς.
1026 1156 1128 1237 Quem
1141 1156 1231 1213 ordi-

125 1266 195 1307 nem
211 1247 300 1306 etiam
314 1246 349 1303 in
361 1245 492 1321 Lessing.
508 1253 684 1302 annotatum
700 1243 814 1322 reperi,
842 1251 871 1300 et
889 1242 1036 1320 Taylorus
1055 1258 1183 1319 quoque
1197 1239 1232 1296 in
1246 1272 1249 1277 ,

125 1332 256 1391 editione
269 1351 322 1389 sua
335 1329 578 1410 repraesentavit.
605 1328 750 1405 Eundem,
771 1333 932 1402 utverum,
959 1346 1014 1404 ego
1034 1344 1160 1404 quoque
1171 1324 1232 1383 sd·

124 1416 208 1489 scivi.
229 1435 326 1474 amsx.
583 1475 588 1485 ,
676 1474 679 1479 ,
733 1464 737 1473 ,
918 1414 921 1419 ’
1022 1404 1028 1417 ’
1236 1425 1240 1431 ·

209 1520 240 1579 Ρ.
256 1522 327 1585 541.
340 1524 436 1582 am.
457 1515 573 1596 οὑτοσὶ]
595 1519 687 1577 Recte
700 1510 790 1591 οὗτος
801 1519 929 1600 Bekker.
951 1536 1110 1595 scnnnrsn.
1191 1592 1194 1597 .

209 1625 241 1682 P·
255 1625 327 1689 541.
340 1644 370 1683 v.
384 1630 435 1689 22.
459 1617 570 1704 (πάντα
579 1618 841 1703 -ὖπόλοιαοα,)]
865 1625 954 1701 Signa
966 1620 1156 1702 parenthesis
1172 1621 1230 1680 de·-

124 1710 264 1768 leverunt
282 1709 454 1767 Buttmann
467 1718 496 1767 et
510 1708 636 1767 Bekker.
662 1709 747 1768 Iure:
767 1708 873 1766 omnia
886 1708 966 1766 enim
987 1708 1062 1770 haec
1084 1728 1102 1764 a
1126 1707 1229 1786 pa‘rti-

125 1793 194 1853 cula
211 1788 316 1872 ἐπειδή
329 1794 471 1873 pendent.
492 1792 651 1869 someron.
1127 1806 1133 1811 ·
1175 1816 1181 1820 ·
1255 1794 1259 1801 “

83 1914 86 1919 ’
181 1888 437 1965 ·P.541.'v.2t.
458 1878 680 1978 διεξεληλῦθει]
709 1898 743 1957 V.
765 1907 828 1957 uot.
850 1898 889 1956 a'd
909 1920 940 1977 p.
964 1854 1099 1971 19,'17.
1123 1894 1230 1972 διεξιέ-

124 2007 176 2047 ναι
188 1983 329 2043 Aeschini
347 1994 527 2064 usurpatum
551 2005 581 2062 Ρ.
604 1989 654 2048 63.
677 1992 830 2062 comparat
849 1983 992 2044 Matthiae
1009 1981 1136 2040 Miscell.
1152 1980 1229 2039 Phi·

123 2069 176 2126 iol.
198 2070 232 2126 Τ.
257 2069 280 2126 Ι.
307 2073 433 2147 111234.
455 2100 498 2115 -
519 2069 590 2126 Post
608 2067 639 2126 h.
661 2088 690 2127 v.
718 2073 850 2130 ταῦταα
879 2069 951 2127 Cod.
972 2067 1066 2126 Bekk.
1095 2065 1229 2125 inseruit

112 2151 297 2231 'Buttmann
319 2174 476 2212 scissuras.
899 2191 902 2195 ·
1079 2225 1084 2241 ,
1136 2212 1139 2219 .

101 2264 120 2279 ·’
208 2259 330 2325 Ρ..541.
343 2279 373 2318 v.
386 2265 435 2324 22.
457 2255 494 2320 so?
506 2256 551 2337 ἐκ]
573 2251 630 2325 sois
645 2256 819 2316 Buttmann.
835 2265 865 2315 et
880 2256 1005 2318 Bekker.
1028 2277 1192 2323 sumeres.
1280 2310 1285 2317 ,

206 2365 238 2425 Ρ.
253 2365 325 2431 641.
339 2386 369 2426 v.
382 2370 434 2431 23.
455 2365 640 2449 αἀωμοσίαι]
662 2366 746 2425 Nove
761 2365 820 2423 hoc
833 2385 850 2421 a
865 2364 975 2422 Wolfio
990 2364 1124 2425 vertitur
1139 2363 1236 2424 dits.

123 2453 227 2525 tiones.
264 2449 346 2522 Quid
372 2450 564 2530 ὕπωμοσίαι,’
587 2451 661 2529 quid
683 2447 895 2531 παραγραφαὶ,
909 2451 912 2458 ’
925 2448 1046 2507 docebit
1064 2449 1228 2528 Ulpianus.-

39 2538 48 2549 '
122 2535 222 2611 Neque
240 2535 319 2592 enim
335 2556 391 2613 par
412 2545 455 2593 est
475 2544 661 2614 exspectare,
690 2544 726 2592 ut
748 2534 820 2591 talia
843 2533 879 2589 ab
893 2533 1226 2612 Interpretedis'ceres',
1284 2558 1290 2569 ¹

115 2636 190 2677 ‘cusu
211 2620 344 2675 Romana
359 2618 481 2688 vThemis
495 2640 557 2676 non
575 2638 692 2696 semper
712 2617 745 2675 in
764 2617 837 2694 legis
859 2618 1026 2676 actionibus
1041 2620 1227 2698 respoudeat

122 2702 260 2761 Graecae.
282 2722 414 2762 resnou.

206 2810 238 2869 P·
252 2810 324 2875 541.
338 2828 369 2870 v.
382 2811 434 2876 25.
456 2803 566 2889 ἐδεῖτό]
588 2808 678 2869 Redit
692 2807 730 2868 ad
746 2780 923 2870 Stratonem.
939 2830 1035 2870 narsis.
1057 2808 1159 2871 Homo
1174 2809 1227 2877 ,vi-
1265 2790 1269 2797 ¹

1015 1804 1024 1813 s

17 2955 42 2964 ,,
121 2895 210 2955 detur
226 2897 327 2955 sutura
347 2895 555 2975 praesensisse.
577 2914 735 2954 scnssrnn.
757 2944 760 2949 .

205 3002 238 3059 P.
255 3004 327 3065 541.
339 3021 370 3059 v,
384 3008 436 3068 26.
457 2999 616 3079 τελευταῖν]
631 3001 716 3079 Vulg.
729 2997 763 3062 sd
777 3005 953 3077 τελευταῖον.
975 3004 1033 3062 Pro
1042 3003 1090 3064 his
1104 3005 1225 3067 duobus

120 3098 216 3141 unum
234 3088 376 3145 τελευτῶν
398 3085 448 3144 dat
461 3083 586 3163 August.
601 3085 726 3167 primus.
750 3086 876 3146 Conexi
895 3092 1056 3167 τελευταῖν,
1073 3084 1144 3167 ‚non
1162 3113 1225 3173 quo

119 3167 199 3226 illud
213 3167 252 3226 sit
262 3168 403 3231 vitiosum
413 3219 421 3248 ,
445 3171 497 3230 sed
510 3170 570 3236 hoe
590 3171 760 3250 elegantius.
781 3193 878 3231 nmsx.
899 3169 1115 3253 τὸΙτελεαταῐον
1128 3178 1225 3238 Butt-
1275 3196 1289 3237 ·.

119 3273 220 3312 manu.
238 3264 266 3312 et
283 3254 419 3318 Dindorf.
450 3259 526 3337 Sane
540 3255 642 3336 ap'tius
655 3257 715 3316 hoc
726 3256 886 3338 respondet
906 3269 1075 3338 antegresso
1090 3258 1124 3325 τὸ
1140 3268 1227 3344 πρῶ.
1255 3284 1262 3291 ·

119 3361 185 3400 roo:
210 3340 260 3397 sed
278 3339 310 3397 id
327 3341 427 3420 ipsum
442 3362 489 3401 me
510 3351 611 3401 movet
632 3352 668 3401 ut
685 3346 851 3422 praeferam
870 3348 1031 3422 τελευταῖν,
1053 3365 1116 3405 non
1138 3349 1225 3426 ‘quod
1240 3348 1267 3370 ”

118 3418 264 3480 boccum
286 3424 407 3485 Reiskio
427 3427 552 3509 habeam
567 3426 739 3504 elegantius.
762 3449 920 3488 sensenna.
996 3488 1003 3495 ,
1079 3449 1083 3453 ’

192 3499 323 3615 .,Ρ.”54Ρ.
345 3550 374 3591 u.
387 3512 416 3598 3.
439 3528 621 3613 Στράτωνα]
644 3525 808 3614 Στρᾶταρα
820 3533 911 3593 Paris.
923 3534 1059 3614 quintus.
1080 3496 1180 3604 aaron.
1242 3597 1249 3613 ,

202 3635 235 3693 Ρ.
247 3636 322 3702 542.
342 3657 372 3698 v·
388 3645 417 3704 3.
440 3633 575 3738 ἀπιόντα]
587 3631 720 3715 'dusios'
734 3639 859 3699 Bekker.
882 3661 1042 3704 scussrsn.

201 3742 234 3803 P.
250 3746 322 3809 642.
344 3764 374 3804 v.
388 3748 418 3811 6.
441 3741 601 3825 δεδωκότα]
616 3730 753 3807 Fortasse
768 3745 971 3832 dedspsono'soc.
995 3751 1076 3824 Quid
1089 3750 1223 3811 enimest

117 3826 229 3909 ἔρημον
252 3827 282 3907 [i.
305 3848 329 3887 e.
352 3830 453 3910 δίκην]
477 3826 616 3894 διδόναι1
635 3831 719 3890 inho
731 3853 761 3910 p.
784 3835 857 3908 544,
880 3840 910 3898 6.
930 3832 1085 3916 παραὲταῖν
1107 3835 1221 3917 ἔρημον

24 3938 48 3998 Ἰ
116 3909 410 3992 καταδιαιτησάντων
432 3911 536 3977 αὐτοῦ.
567 3916 661 3975 Video
684 3927 796 3991 autem,
820 3919 971 3978 Valesium
985 3921 1023 3978 ad
1040 3921 1226 4001 Harpocrat-

52 4028 64 4039 -
116 4017 147 4076 p..
170 4004 240 4065 148,
267 4018 398 4076 mecum,
428 4021 534 4061 verum
557 4002 708 4063 dubitanti
721 4002 869 4078 similem,
897 4003 1105 4088 hunellooum
1123 4005 1223 4065 'resti-

85 4084 209 4165 *tuere
231 4105 362 4143 annon.
390 4086 571 4146 indubium
592 4096 720 4147 vocatur
738 4085 813 4144 haec
833 4088 927 4146 dictio
943 4110 960 4146 a
976 4090 1124 4169 Tayloro,
1154 4088 1221 4149 sine

29 4178 37 4183 '
116 4184 223 4224 cause:
252 4189 321 4231 nam
338 4175 459 4250 vulgata
479 4172 555 4231 bene
576 4172 674 4249 habet.
703 4171 803 4230 Latini
825 4193 945 4252 quoque
964 4172 1039 4233 dare
1053 4174 1220 4251 indicium,

37 4284 42 4301 ·
115 4247 390 4315 condemnationem
402 4265 559 4339 usurpant.
582 4250 785 4322 deddroarasd
800 4279 881 4333 τινας
892 4256 948 4340 τήν
962 4258 1085 4344 ἔρημον,
1100 4260 1221 4323 scilicet
