2730 4746
138 207 241 275 τοι.
302 180 306 195 ’
498 205 882 275 ιναονινιονιιε·

140 377 244 437 dantes
267 372 284 438 5
305 369 456 459 οίγαπητίς
477 378 557 449 παῖς.
591 375 717 458 Ambigo
740 379 821 442 inter
842 386 915 455 παῖς
945 390 976 444 et
998 379 1101 459 ἄπαις.
1145 386 1243 448 Habet

137 470 317 540 utrumque,
347 479 407 540 quo
436 461 668 524 commendetur.
695 486 788 526 nassa.
826 465 862 528 V.
877 466 944 548 lud.
968 464 1132 549 Graecitat.
1160 477 1241 553 p.4

138 568 288 605 SOEAEFER·

222 654 255 713 Ρ.
269 654 341 734 567.
356 672 386 710 v.
402 655 453 719 28.
475 646 604 733 ταύτην]
624 654 795 716 bekkeras:
816 653 947 734 „Malim
960 651 1088 742 ταύτῃ.α
1109 659 1240 740 Vulgata

137 737 213 798 mihi
227 759 290 798 non
304 737 452 816 displicet.
476 760 624 802 semmua.
1079 742 1083 749 '

215 845 252 903 P.
266 847 339 912 568.
351 864 381 903 r.
397 848 425 908 1.
447 842 594 923 ἐπίδοσιν]
613 845 779 908 Bekkerus:
798 844 926 922 „Nescio
940 867 979 905 an
991 848 1103 909 rectius
1111 848 1240 930 abessetg

138 928 277 1009 displicet
295 928 374 987 enim
394 928 527 1001 ἐπίδοσις
539 927 701 992 πλέονοα.“
729 930 761 988 si
774 932 861 989 locus
875 941 1036 1011 corruptus
1055 943 1116 1011 est,
1140 938 1243 997 malim

48 1075 61 1089 g,
137 1013 239 1073 abesse
257 1012 416 1076 πλέουσαν.
439 1013 497 1072 Sed
511 1024 688 1092 corruptum
702 1014 756 1075 vix
770 1013 904 1074 habeam.
932 1011 989 1096 τήν
1008 1015 1149 1081 ἐπίδοσιν
1171 1021 1191 1079 i.
1213 1042 1242 1103 q.

136 1095 193 1178 mis
206 1099 401 1177 ίπιὸοθεῖσαν
413 1091 535 1180 τριήρηε
555 1096 706 1162 πλέουσαν
719 1098 954 1158 autem'videtur
973 1102 1088 1180 opponi
1105 1106 1149 1189 τῇ
1167 1109 1243 1203 πεζῇ

138 1184 290 1268 στρατείᾳ,
314 1182 396 1262 quod
420 1183 495 1241 latet
509 1181 541 1240 in
556 1181 658 1242 verbis
675 1174 713 1247 osi
720 1217 760 1228 -·
768 1184 911 1255 ἐνταῦθα.
945 1183 1056 1244 Orator
1069 1187 1155 1247 enim
1168 1189 1245 1249 dicat

135 1277 198 1326 tres
210 1268 280 1327 illos
293 1275 322 1325 et
337 1266 474 1326 triremes
489 1266 607 1326 civitati
625 1268 751 1328 donasse
767 1277 798 1327 et
812 1289 829 1326 a
848 1267 1002 1328 Phocione
1014 1280 1141 1332 vocatos
1157 1273 1244 1335 dioto

137 1346 289 1413 audientes
306 1351 405 1411 fuisse.
420 1373 577 1431 ¹scissarum.

221 1455 254 1514 Ρ.
270 1455 342 1523 568.
355 1476 386 1515 v.
400 1461 429 1521 7.
453 1447 493 1536 ui]
516 1456 636 1516 Rectius
654 1447 820 1519 oi'Bekker.
841 1480 992 1519 suasurus.

220 1560 253 1618 P.
268 1561 340 1631 568.
354 1580 385 1619 v.
398 1555 428 1625 7.
450 1557 528 1642 πρὸς
546 1563 643 1641 θεοῖν]
664 1557 740 1644 πρὸς
757 1566 818 1625 τῶν
838 1567 923 1625 θεοῖν
943 1565 1035 1624 Godd.
1056 1566 1242 1629 Barocc.'et
1280 1531 1282 1535 Ι

134 1645 214 1723 Rege
229 1667 252 1706 ε.
275 1665 418 1705 raason..
437 1644 520 1704 Idem
535 1645 660 1724 August.
681 1646 806 1724 primus,
828 1647 998 1708 Bavaricus.
1017 1672 1106 1709 sana.

159 1806 162 1811 .
220 1752 252 1810 P·
267 1753 339 1819 568.
354 1771 385 1811 v·
400 1754 430 1817 7.
451 1750 611 1829 τελωνίαν]
642 1750 730 1828 Vulg.
751 1752 919 1814 τελωνείαν.
948 1756 1092 1819 τελωνίαν
1110 1756 1243 1838 August.

133 1835 257 1916 primus.
278 1835 376 1909 Etsic
396 1835 522 1895 correxi.
544 1835 697 1894 Sententia
712 1843 770 1893 est:
798 1837 920 1913 Navem,
948 1859 1036 1916 quam
1050 1840 1129 1920 reip.
1143 1844 1242 1922 dedit,

132 1919 238 1980 habuit
254 1942 312 2000 pro
325 1919 464 2000 pecunia,
487 1940 544 1998 qua
555 1918 858 2000 publicanusaliquis
872 1921 996 1999 aliquod
1010 1925 1144 2003 vectigal
1154 1929 1241 1989 redi·

60 2030 67 2036 ·
132 2006 204 2081 mit3
228 2025 287 2083 qua
306 2004 434 2084 pecunia
450 2004 549 2062 soluta
561 2005 607 2063 ius
620 2003 732 2083 accipit
749 2023 872 2071 censum
887 2005 1015 2084 aliquem
1032 2016 1188 2072 statutum
1199 2015 1239 2074 ab

131 2089 344 2148 invehentibus
368 2109 393 2147 e.
417 2108 442 2148 c.
464 2108 576 2147 merces
594 2087 738 2167 quasdam
755 2097 808 2146 aut
831 2091 1061 2168 exportantibus
1084 2095 1240 2174 exigendi.

132 2173 183 2238 Sic
204 2173 310 2234 Midias
326 2171 514 2232 existimabat
534 2181 605 2252 post
624 2192 731 2232 navem
743 2193 761 2229 a
774 2192 804 2231 se
818 2173 893 2252 reip.
911 2174 1052 2234 donatam
1069 2176 1240 2243 immunem

131 2256 191 2315 iarn
208 2277 238 2315 se
262 2255 413 2333 alegibus
430 2276 492 2314 esse
512 2265 544 2314 et
561 2256 651 2315 licere
673 2255 730 2315 sibi
748 2256 790 2315 ita
812 2259 939 2334 grassari
958 2259 990 2316 in
1011 2279 1181 2343 quemque,
1203 2275 1242 2326 ut

130 2340 288 2423 publicani
303 2341 402 2400 solent
423 2341 463 2398 in=
478 2334 582 2400 obvios
603 2361 754 2420 quosque,
776 2341 935 2401 vellicare
956 2343 1012 2401 sibi
1030 2365 1068 2403 ex
1086 2346 1141 2406 illa
1164 2350 1241 2410 navi

122 2437 288 2507 quaestum
314 2427 412 2486 facere
429 2425 597 2502 ingentem,
626 2434 662 2483 ut
680 2425 833 2504 publicani
853 2427 976 2506 triplam
998 2429 1050 2488 vel
1073 2431 1240 2513 decuplam

130 2531 236 2570 rursus
248 2513 400 2588 exiguuta
414 2510 530 2569 civibus
546 2530 610 2568 eam
625 2509 793 2588 pecuniam,
816 2529 876 2588 qua
888 2511 1018 2589 vectigal
1028 2514 1239 2580 redemerunt.

130 2615 220 2652 amsa.

215 2699 247 2757 P.
264 2703 336 2767 568.
351 2718 380 2758 v.
398 2701 428 2765 7.
449 2691 673 2781 meomnootq'v]
697 2695 775 2757 Citat
796 2697 826 2758 lr.
848 2701 869 2759 l.
891 2698 1071 2781 Harpocrat.
1094 2724 1125 2783 p.
1151 2709 1237 2770 Πεν.

88 2843 91 2853 ,
129 2777 269 2866 τηκοστή.
291 2808 382 2843 aaran.
404 2782 441 2845 V.
463 2781 585 2843 Photius
605 2803 630 2841 c.
650 2787 722 2848 301.
743 2806 892 2845 renarras.

90 2948 93 2956 ,
213 2893 247 2952 Ρ.
263 2892 336 2958 568.
350 2912 380 2951 v.
396 2896 425 2958 8.
447 2887 648 2966 λειποταξίαν]
671 2892 844 2965 λιποταξίαν
857 2892 980 2970 August.
995 2889 1121 2973 primus.
1141 2917 1235 2956 saraa.

130 2975 179 3034 Sic
197 2976 411 3054 bene-Bekker.
431 2975 551 3047 V.,not.
573 2973 612 3030 ad
632 2994 664 3050 p.
686 2976 758 3050 547,
780 2981 831 3040 27.
852 2998 1000 3038 samaras.

213 3071 245 3139 Ρ.
261 3082 333 3148 668.
350 3100 380 3140 v.
400 3085 449 3145 11.
472 3072 639 3158 δυνάμενος
673 3080 843 3162 στρατείας]
879 3083 1032 3165 στρατείας
1060 3079 1235 3166 δυνάμενος

127 3166 300 3228 Buttmann.
324 3175 352 3224 et
370 3165 496 3224 Bekker.
517 3182 676 3222 scuasrua.
715 3225 719 3234 ,
808 3204 811 3209 -

134 3281 137 3287 ’
212 3253 244 3310 Ρ.
264 3254 336 3318 568.
351 3273 380 3312 v.
400 3256 450 3317 12.
473 3251 602 3330 ἱππικῆς
622 3271 690 3310 τινα
708 3243 933 3331 πεντηκοστήν]
964 3271 1105 3328 censum,
1127 3261 1166 3312 ut
1189 3252 1248 3313 ita'

128 3335 241 3409 dicam,
262 3337 407 3415 aliquem,
430 3357 488 3415 quo
510 3333 655 3392 solvendo
676 3335 836 3394 redimeret
854 3338 950 3396 otium
969 3338 1019 3395 vel
1039 3336 1232 3413 vacationem

89 3482 95 3489 ,
127 3420 252 3479 militiae
271 3421 424 3499 equestris.
451 3420 526 3479 Nam
540 3427 592 3491 ut',
614 3418 664 3495 qui
688 3419 961 3498 quinquagesimam
978 3422 1172 3500 dependunt,
1194 3441 1231 3481 eo

126 3504 277 3563 licentiam
293 3513 517 3582 consequuntur
539 3521 583 3575 eo,
606 3502 689 3578 quod
701 3502 875 3582 important,
897 3507 1110 3584 seuquicquid
1124 3505 1229 3583 idest,

128 3589 213 3645 cuius
235 3610 322 3647 causa
345 3585 620 3666 quinquagesimam
641 3584 829 3665 dependunt,
852 3592 958 3657 utendi
979 3590 1102 3666 fruendi
1121 3590 1230 3666 libera,
1270 3588 1277 3597 '

127 3671 171 3730 sic
191 3672 298 3730 Midias
313 3671 370 3730 sibi
390 3671 585 3751 persuadebat
599 3669 696 3728 danda
711 3673 796 3748 navi,
818 3676 915 3734 veluti
931 3674 1059 3754 quadam
1072 3672 1229 3753 quinqua·
1247 3746 1253 3755 ι

126 3756 249 3835 gesimo,
268 3758 503 3817 revocationem
522 3777 539 3814 a
560 3754 668 3813 militia
686 3759 817 3834 equestri
841 3758 1057 3840 impetravisse.
1087 3759 1151 3817 Aut
1170 3780 1228 3839 ap-

125 3841 219 3922 pellat
242 3842 284 3901 sic
306 3842 491 3921 tribunatus·
506 3840 649 3920 equestris
674 3860 786 3901 novum
808 3846 955 3922 quendam
978 3843 1124 3916 reditum,
1156 3843 1228 3921 quia

67 3978 70 3983 .
128 3948 197 3986 cum
221 3927 293 3987 navi
318 3947 387 4003 sua,
416 3948 473 4006 qua
503 3927 566 4005 ipse
595 3923 772 4001 vehebatur,
802 3930 921 3987 tametsi
945 3950 978 3987 ea
999 3926 1124 3985 militiae
1150 3936 1228 3987 esset

46 4080 51 4086 ,
127 4022 314 4088 consecrata,
349 4021 548 4072 mercaturam
576 4009 661 4069 velut
683 4012 839 4084 enercebat
858 4022 888 4072 et
911 4014 993 4091 ligna
1016 4012 1226 4088 convectabat,

41 4168 45 4183 1
74 4140 79 4158 .
118 4096 236 4173 -quibus
258 4106 390 4157 uteretur
411 4096 509 4173 domi,
531 4099 710 4175 quamquam
725 4095 800 4173 ipsi,
825 4106 859 4155 nt
877 4100 1028 4178 praefecto
1049 4097 1113 4154 alae
1130 4115 1227 4175 eque-

125 4179 211 4253 stris,
235 4182 342 4242 militia
360 4191 437 4243 esset
450 4181 634 4260 fungendum
647 4179 778 4266 pedestri
794 4201 891 4261 neque
905 4183 1009 4244 liceret
1023 4179 1226 4241 trierarchum

127 4282 221 4341 agere.
243 4285 332 4326 aaran.
642 4305 645 4309 ›
