2730 4746
101 229 143 293 26
297 222 360 283 aa.
383 224 418 282 a,
439 224 614 299 svearn
633 200 988 289 raesuconr'sa

99 395 198 455 serrat.
242 393 368 453 Exercet
388 412 420 450 ea
439 393 603 452 simultates
627 414 696 455 cum
717 397 855 475 pluribus
874 419 913 458 ex
932 418 1060 458 numero
1078 399 1194 458 immu-

11 544 15 551 ,
98 480 191 554 uiam,
213 478 320 555 bisque
332 477 463 557 praemia
478 498 532 537 sua
544 488 682 558 ereptum
695 480 766 538 ibat.
801 484 951 560 ·Atturpe
965 494 1022 558 est,
1041 485 1200 562 utpsira-¹

97 574 143 623 tas
156 562 281 621 iniurias
295 582 473 641 persequare
481 606 490 636 ,
513 554 687 622 autitoritate
700 565 820 644 publica
836 568 933 642 abuti,
953 578 985 626 et
999 568 1123 626 inimico
1138 577 1193 625 tuo

97 650 160 723 lega
180 647 310 727 eripere,
341 646 422 725 quod
440 649 627 707 accusatione
649 656 680 707 et
702 649 816 713 iudicio
839 652 970 711 conllato
991 653 1108 731 eripere
1130 673 1194 711 non

98 732 242 801 audaus,“
960 764 963 769 Δ

130 820 133 827 “
182 815 348 895 „synart
378 835 451 895 quos
472 816 601 897 populus
621 816 731 894 delegit
746 819 804 896 legi
826 820 987 898 Lepti-neae
1011 821 1193 896 defensores,

95 900 207 981 partim
225 900 361 979 suspecti
386 909 471 975 susat,
503 900 612 979 paurum
632 902 787 962 reiicieudi
803 914 983 983 propterea,
1010 905 1194 983 quotidem

97 984 296 1047 ministerium
312 984 359 1043 illi
372 984 432 1043 iam
449 994 517 1043 ante
539 985 572 1044 ia
590 986 655 1043 aliis
668 987 777 1045 caussis
793 988 964 1047 lecerunt.“
1220 988 1224 996 ’

179 1068 397 1147 „Antiquauda
416 1069 509 1145 igitur
527 1071 578 1127 lox
599 1070 734 1150 Leptinis
756 1081 786 1130 ot
811 1073 844 1140 in
865 1072 928 1142 eius
948 1074 1051 1131 locum
1076 1073 1192 1131 substi-

93 1154 207 1215 tuenda
221 1152 299 1228 talia,
322 1173 396 1231 <puae
413 1162 479 1215 tum
492 1154 620 1233 receptis
639 1155 753 1231 legibus
765 1177 828 1227 non
842 1167 997 1234 repugnet,
1018 1167 1085 1215 tum
1095 1157 1193 1217 bonae

45 1300 50 1315 ι
94 1240 189 1297 tantae
208 1237 337 1297 civitatis
363 1248 483 1297 nostrae
508 1238 659 1314 consulat,
687 1248 754 1298 tum
780 1241 996 1316 incommodis,
1026 1241 1051 1299 si
1073 1261 1132 1323 qua
1153 1262 1193 1301 ex

97 1321 337 1381 itnnnmitatibus
353 1324 417 1381 orta
432 1331 511 1399 sunt,
532 1323 687 1383 medeatur
698 1321 740 1405 5⁷)
764 1334 820 1384 etc.
891 1374 894 1379 .

53 1410 88 1467 85
180 1406 257 1463 Satis
272 1404 403 1463 diximus
418 1407 454 1465 de
470 1417 642 1483 argumento
657 1408 808 1469 Orationis
831 1419 866 1475 ot,
880 1406 960 1469 statu
976 1428 1109 1474 caussae:
1129 1409 1191 1468 ita-

95 1510 152 1569 qua
166 1489 304 1549 ridemur
318 1488 404 1547 nobis
418 1510 467 1550 eos
486 1510 605 1569 quoque
620 1491 783 1568 adiuvasse,
806 1494 858 1571 qui
875 1494 980 1552 lor-tea
994 1514 1114 1573 graecae
1126 1493 1190 1551 lin-

94 1594 169 1653 guae
183 1570 352 1649 casgssiliono
366 1574 569 1655 imparatiores
585 1574 623 1633 ad
635 1573 713 1633 hanc
723 1574 883 1637 lectionem
897 1577 1085 1637 accesserint.
1106 1579 1192 1636 Patet

95 1656 165 1731 iant,
188 1677 246 1735 quo
260 1656 292 1715 in
314 1656 385 1717 arba
399 1678 500 1719 ratum
516 1667 545 1716 ct
559 1658 775 1717 sententiarum
789 1669 925 1728 portetur
941 1663 1061 1721 Oratio:
1081 1663 1116 1719 in
1130 1682 1190 1741 quo
1257 1720 1262 1727 ,

93 1744 223 1801 inultum
239 1740 403 1800 adiumenti
418 1752 464 1801 est
479 1742 518 1800 ad
540 1740 645 1801 melius
664 1737 901 1821 intelligendum.
952 1746 1091 1808 Attamen
1106 1755 1143 1803 ut
1158 1765 1190 1802 ea

94 1846 111 1883 a
126 1824 211 1885 nobis
220 1870 228 1901 ,
252 1824 304 1903 qni
317 1826 450 1905 legimus,
473 1824 572 1904 quoad
586 1825 648 1884 eius
661 1824 727 1884 fieri
742 1829 853 1907 pessit,
875 1830 979 1889 eodem
994 1830 1084 1893 modo
1097 1830 1191 1887 intel-

92 1910 220 1989 ligatur,
243 1930 302 1989 quo
319 1908 472 1968 intellecta
494 1910 645 1988 quondum
660 1920 706 1968 est
721 1912 827 1987 abiis,
851 1914 903 1989 qui
918 1914 1073 1972 Oratorem
1088 1934 1191 1971 coram

94 1995 267 2054 audierunt:
288 1992 427 2074 inprimis
448 1992 652 2070 cognoscenda
676 2004 720 2053 est
738 1996 834 2072 ratio,
863 1994 937 2076 q'uae
959 1997 1084 2061 Athenis
1107 1990 1190 2054 obti-

92 2078 169 2153 nuit,
182 2077 370 2157 publicorum
383 2087 540 2136 munerum
554 2078 765 2154 curandorum,
782 2100 838 2141 nec
853 2102 916 2139 non
925 2083 1025 2156 legum
1038 2082 1074 2137 ad
1088 2074 1190 2157 popu-

93 2163 158 2223 lum
176 2162 363 2223 soronduum
387 2162 687 2240 abrogandammque.
716 2163 846 2241 'Quibus
868 2165 1030 2239 derebus,
1052 2164 1188 2221 arandum

93 2247 130 2307 ab
150 2247 232 2305 orsini
252 2254 339 2325 parte
359 2245 487 2305 aliorum
515 2265 587 2304 cura
607 2247 780 2321 illustretis,
808 2248 897 2324 longa
920 2256 995 2305 esset
1025 2247 1188 2326 disputatio

93 2340 214 2408 nostra,
236 2331 262 2391 si
282 2350 329 2389 eae
347 2339 473 2409 propter
487 2330 534 2388 ius
550 2330 683 2390 Atticum
696 2341 904 2398 tractaremus:
933 2352 1017 2393 nmsc
1040 2331 1110 2394 satis
1132 2333 1189 2390 erit

93 2417 234 2497 persequi
257 2436 305 2490 ea,
344 2434 418 2495 quae
439 2413 531 2473 huius
558 2416 727 2496 scriptionis
754 2416 925 2476 institutum
951 2437 1075 2496 poscere
1100 2417 1189 2476 vide·

92 2502 179 2561 bitur
197 2499 250 2576 ³⁸).

179 2585 239 2647 lam
252 2581 385 2665 primum
398 2583 478 2643 illud
489 2593 616 2660 constat,
637 2585 803 2647 libertatem
817 2607 909 2660 suam,
922 2595 1077 2665 tantopore
1091 2586 1171 2645 iacta

92 2678 155 2731 tam
174 2669 427 2746 celebratamque,
455 2669 527 2727 olim
549 2669 644 2729 civem
664 2670 813 2746 Atticum,
833 2679 869 2728 ut
891 2672 1075 2744 Romanum,
1105 2680 1136 2728 et
1154 2680 1189 2728 ut

53 2763 87 2817 86
96 2755 221 2833 quisque
233 2753 267 2811 iu
284 2753 436 2811 simillima
455 2755 573 2835 republ.
587 2754 715 2828 vixerit,
742 2753 825 2815 haud
839 2775 934 2832 parvo
951 2755 1115 2813 redemtam
1130 2754 1187 2812 ha·

92 2840 203 2899 baisse.
242 2839 317 2897 Nasu
335 2838 382 2897 uti
399 2838 442 2913 is,
465 2840 516 2917 qui
535 2838 656 2899 civitate
681 2838 781 2917 Attica
802 2839 969 2914 fruebatur,
997 2839 1105 2897 summi
1125 2847 1189 2901 erat
1249 2883 1253 2890 .

95 2923 212 2982 consilii
240 2923 357 3001 publici
385 2923 535 3003 particeps
557 2932 651 3000 atque
681 2942 866 2984 summorum
899 2923 1049 2987 hortorum
1074 2921 1188 2980 aditum

93 3016 245 3093 patentem
263 3005 391 3067 habebat
412 3017 533 3086 aequata
558 3006 689 3069 ebrinum
706 3007 772 3074 iure
791 3015 820 3075 et
832 3015 978 3084 potestate
1003 3005 1185 3085 imperandi,
1245 3006 1248 3011 ’

96 3161 305 3183 huus—u*-

128 3260 171 3329 57)
191 3260 407 3316 Demosthenicae
420 3260 503 3329 legis,
521 3277 587 3330 qaae
602 3259 748 3327 Leptlaeae
766 3259 921 3326 opponitur,
945 3273 994 3308 nec
1011 3255 1091 3308 rerba
1107 3263 1186 3307 tene·
1262 3285 1265 3300 ·

163 3348 237 3396 tuus,
260 3348 310 3383 nso
326 3339 410 3379 totam
431 3331 596 3379 seutentiam.
636 3328 737 3377 Petitur
758 3329 864 3394 quidem
883 3328 912 3377 in
930 3327 987 3379 Hs.
1008 3329 1063 3376 ΑΔ.
1080 3343 1108 3391 p.
1125 3323 1186 3377 382.

162 3400 229 3451 baec
239 3399 423 3464 rerbaposuit,
437 3413 502 3462 quae
516 3396 543 3445 in
551 3399 711 3461 Argumenta
719 3412 814 3461 graeco
823 3395 953 3460 Anonymi
964 3391 1186 3460 tegunturpeaa

163 3466 206 3519 16.
228 3459 408 3531 Talaimenis,
422 3456 488 3522 ὅσας
500 3459 613 3529 deppae
625 3457 827 3530 diocesariae
839 3458 945 3521 εἷναικ.
961 3478 985 3518 τ.
1002 3463 1026 3517 t,
1043 3467 1080 3512 At
1094 3472 1187 3513 auctor

162 3535 263 3587 iudicat
282 3536 355 3603 ipse,
373 3533 454 3583 verba
471 3532 538 3597 legis
557 3551 572 3581 a
587 3549 617 3580 se
632 3549 686 3582 non
704 3531 771 3582 dari.
806 3531 910 3601 Quippe
932 3530 969 3581 sic
987 3530 1140 3599 praefatur:
1158 3526 1188 3581 ri

163 3598 216 3670 yolo
233 3597 249 3656 ὁ
267 3596 469 3670 Δημοσθένους
485 3595 657 3670 βούλεται
672 3595 772 3675 stipem

130 3671 349 3735 tetrantorum
373 3671 489 3738 priorem
512 3678 615 3736 partem
641 3669 674 3719 de
698 3669 847 3721 muneribus
872 3667 995 3735 Sigonius
1013 3666 1042 3718 ita
1060 3665 1130 3718 libro
1152 3665 1186 3716 de

99 3788 103 3793 .
162 3737 786 3856 Repub12athea.·ly,aetretpaststs‘ian
802 3740 848 3801 lll,
861 3735 891 3856 ξ’,
909 3755 937 3805 p.
954 3734 1015 3788 349
1020 3734 1187 3857 (pespphdii-

106 3864 133 3869 ··
156 3808 584 3945 ,littlt‘tsittlitlltlt.
599 3822 683 3940 tt}
699 3823 735 3923 „i
746 3815 1186 3941 bittit?§teas-stitit

107 3964 111 3969 ·
134 3954 137 3961 '
161 3958 222 4000 nav.
235 3948 269 4010 ll,
289 3943 315 3997 4.
335 3955 363 3996 et
376 3945 539 3996 Tourrellius
555 3943 583 3992 in
604 3942 683 3997 Notis
699 3942 733 3992 ad
751 3942 886 3993 Demosth.
901 3946 946 3991 Or.
960 3941 993 3990 de
1011 3938 1114 3989 Corona
1126 3938 1186 4005 gal-

8 4052 13 4065 .
120 4026 132 4051 ²-
162 4014 215 4067 lice
232 4034 250 4067 a
266 4033 296 4066 se
312 4014 584 4065 vereaminoenvres
602 4010 636 4061 de
652 4011 838 4073 M.'l'ou1reil,
856 4008 937 4070 Paris,
953 4004 1029 4069 1721,
1046 4006 1072 4057 8.
1089 4006 1122 4056 Τ.
1139 4008 1185 4057 lv.

162 4098 192 4151 p·
209 4082 361 4151 6⁰10seqq·
396 4083 458 4145 Qui,
477 4098 543 4149 qaae
560 4079 644 4131 virtus
657 4087 699 4128 est
716 4079 851 4130 Gallorum
869 4093 952 4143 paene
970 4075 1094 4155 propria,
1108 4074 1185 4154 fliiu-

67 4154 71 4159 ’
165 4150 225 4203 cide
239 4152 377 4221 multoque
388 4168 466 4220 quam
479 4149 580 4202 Petitas
594 4157 622 4198 et
640 4147 686 4199 alii
703 4147 788 4212 aptius
805 4146 839 4197 sal
852 4161 1014 4196 commanem
1029 4143 1183 4209 satelhgeu-

34 4218 39 4227 ¹
133 4254 138 4261 ·
163 4218 229 4277 titur
241 4221 359 4272 deeare'
376 4220 490 4287 scripsit.
525 4215 578 4266 Sed
597 4232 646 4266 nos
664 4214 762 4281 passim
781 4233 810 4266 ea
826 4214 981 4276 sileremus,
1012 4229 1077 4288 quae
1093 4223 1184 4264 ostan-

119 4288 123 4297 '
164 4284 246 4356 tant,
260 4288 345 4342 libros
356 4286 424 4341 istos
436 4290 550 4342 lectona
566 4283 643 4336 nobis
657 4299 723 4348 esse,
740 4299 793 4336 non
807 4282 962 4351 ascriptos.
