<?xml version="1.0" encoding="UTF-8"?>
<!DOCTYPE html PUBLIC "-//W3C//DTD XHTML 1.0 Transitional//EN"
    "http://www.w3.org/TR/xhtml1/DTD/xhtml1-transitional.dtd">
<html xmlns="http://www.w3.org/1999/xhtml" xml:lang="en" lang="en">
 <head>
  <title>
</title>
<meta http-equiv="Content-Type" content="text/html;charset=utf-8" />
  <meta name='ocr-system' content='tesseract 3.04.00' />
  <meta name='ocr-capabilities' content='ocr_page ocr_carea ocr_par ocr_line ocrx_word'/>
</head>
<body>
  <div class='ocr_page' id='page_1' title='image "./demosthenisquae02schgoog_0064.png"; bbox 0 0 2730 4746; ppageno 0'>
   <div class='ocr_carea' id='block_1_1' title="bbox 84 169 1121 290">
    <p class='ocr_par' dir='ltr' id='par_1_1' title="bbox 84 169 1121 290">
     <span class='ocr_line' id='line_1_1' title="bbox 84 169 1121 290; baseline 0.006 -17"><span class='ocrx_word' id='word_1_1' title='bbox 84 169 96 183; x_wconf 39' lang='lat'>⁸</span> <span class='ocrx_word' id='word_1_2' title='bbox 164 215 209 282; x_wconf 78' lang='grc' dir='ltr'><strong>οο</strong></span> <span class='ocrx_word' id='word_1_3' title='bbox 366 214 429 275; x_wconf 81' lang='lat' dir='ltr'><strong>aa</strong></span> <span class='ocrx_word' id='word_1_4' title='bbox 451 215 487 274; x_wconf 82' lang='grc' dir='ltr'><strong>ι.</strong></span> <span class='ocrx_word' id='word_1_5' title='bbox 509 194 1061 290; x_wconf 77' lang='lat' dir='ltr'><strong>noarurnoaaconans</strong></span> <span class='ocrx_word' id='word_1_6' title='bbox 1099 185 1121 236; x_wconf 68' lang='grc'><strong>’-</strong></span> 
     </span>
    </p>
   </div>
   <div class='ocr_carea' id='block_1_2' title="bbox 133 382 1358 471">
    <p class='ocr_par' dir='ltr' id='par_1_2' title="bbox 133 382 1358 471">
     <span class='ocr_line' id='line_1_2' title="bbox 133 382 1358 471; baseline 0.004 -26"><span class='ocrx_word' id='word_1_7' title='bbox 133 404 136 411; x_wconf 86' lang='grc'><strong>’</strong></span> <span class='ocrx_word' id='word_1_8' title='bbox 167 384 317 459; x_wconf 67' lang='lat' dir='ltr'><strong>eiusmodi</strong></span> <span class='ocrx_word' id='word_1_9' title='bbox 327 382 477 441; x_wconf 90' lang='lat' dir='ltr'><strong>accusatio</strong></span> <span class='ocrx_word' id='word_1_10' title='bbox 490 401 546 439; x_wconf 90' lang='lat' dir='ltr'><strong>nec</strong></span> <span class='ocrx_word' id='word_1_11' title='bbox 562 383 627 471; x_wconf 86' lang='lat' dir='ltr'><strong>ipsa</strong></span> <span class='ocrx_word' id='word_1_12' title='bbox 640 383 737 444; x_wconf 86' lang='lat' dir='ltr'><strong>caruit</strong></span> <span class='ocrx_word' id='word_1_13' title='bbox 748 383 897 462; x_wconf 90' lang='lat' dir='ltr'><strong>periculo.</strong></span> <span class='ocrx_word' id='word_1_14' title='bbox 938 382 1014 444; x_wconf 84' lang='lat' dir='ltr'><strong>Nam</strong></span> <span class='ocrx_word' id='word_1_15' title='bbox 1028 396 1122 462; x_wconf 84' lang='lat' dir='ltr'><strong>actor,</strong></span> <span class='ocrx_word' id='word_1_16' title='bbox 1144 387 1269 450; x_wconf 88' lang='lat' dir='ltr'><strong>sicutin</strong></span> <span class='ocrx_word' id='word_1_17' title='bbox 1355 452 1358 465; x_wconf 70' lang='grc'>,</span> 
     </span>
    </p>
   </div>
   <div class='ocr_carea' id='block_1_3' title="bbox 160 466 1271 805">
    <p class='ocr_par' dir='ltr' id='par_1_3' title="bbox 160 466 1271 805">
     <span class='ocr_line' id='line_1_3' title="bbox 167 466 1271 546; baseline 0.005 -17"><span class='ocrx_word' id='word_1_18' title='bbox 167 472 233 529; x_wconf 81' lang='lat' dir='ltr'><strong>aliis</strong></span> <span class='ocrx_word' id='word_1_19' title='bbox 253 469 364 528; x_wconf 75' lang='lat' dir='ltr'>caussis</span> <span class='ocrx_word' id='word_1_20' title='bbox 383 466 687 546; x_wconf 85' lang='lat' dir='ltr'><strong>publicis‚·quiutam</strong></span> <span class='ocrx_word' id='word_1_21' title='bbox 703 478 818 545; x_wconf 86' lang='lat' dir='ltr'><strong>partem</strong></span> <span class='ocrx_word' id='word_1_22' title='bbox 840 470 1027 528; x_wconf 87' lang='lat' dir='ltr'><strong>calculorum</strong></span> <span class='ocrx_word' id='word_1_23' title='bbox 1051 473 1158 530; x_wconf 86' lang='lat' dir='ltr'><strong>tulisse</strong></span> <span class='ocrx_word' id='word_1_24' title='bbox 1175 476 1271 534; x_wconf 76' lang='lat' dir='ltr'><strong>deba·&#39;</strong></span> 
     </span>
     <span class='ocr_line' id='line_1_4' title="bbox 166 552 1267 633; baseline 0.003 -19"><span class='ocrx_word' id='word_1_25' title='bbox 166 557 234 633; x_wconf 64' lang='lat' dir='ltr'><strong>batj</strong></span> <span class='ocrx_word' id='word_1_26' title='bbox 250 553 391 630; x_wconf 71' lang='lat' dir='ltr'><strong>valioquin</strong></span> <span class='ocrx_word' id='word_1_27' title='bbox 408 552 436 609; x_wconf 92' lang='lat' dir='ltr'><strong>ei</strong></span> <span class='ocrx_word' id='word_1_28' title='bbox 448 552 544 609; x_wconf 89' lang='lat' dir='ltr'><strong>multa</strong></span> <span class='ocrx_word' id='word_1_29' title='bbox 556 552 774 630; x_wconf 85' lang='lat' dir='ltr'>imponebatur.</span> <span class='ocrx_word' id='word_1_30' title='bbox 809 555 887 612; x_wconf 85' lang='lat' dir='ltr'><strong>Reus</strong></span> <span class='ocrx_word' id='word_1_31' title='bbox 901 563 1006 611; x_wconf 89' lang='lat' dir='ltr'><strong>contra</strong></span> <span class='ocrx_word' id='word_1_32' title='bbox 1024 556 1049 613; x_wconf 83' lang='lat' dir='ltr'><strong>si</strong></span> <span class='ocrx_word' id='word_1_33' title='bbox 1066 572 1176 616; x_wconf 78' lang='lat' dir='ltr'><strong>caussa</strong></span> <span class='ocrx_word' id='word_1_34' title='bbox 1185 558 1267 617; x_wconf 86' lang='lat' dir='ltr'><strong>ceci-</strong></span> 
     </span>
     <span class='ocr_line' id='line_1_5' title="bbox 167 636 1270 720; baseline 0.005 -24"><span class='ocrx_word' id='word_1_35' title='bbox 167 640 270 713; x_wconf 59' lang='lat' dir='ltr'><strong>derat3</strong></span> <span class='ocrx_word' id='word_1_36' title='bbox 290 638 444 697; x_wconf 87' lang='lat' dir='ltr'><strong>interdum</strong></span> <span class='ocrx_word' id='word_1_37' title='bbox 463 636 665 712; x_wconf 83' lang='lat' dir='ltr'><strong>gravissimam</strong></span> <span class='ocrx_word' id='word_1_38' title='bbox 684 657 811 715; x_wconf 84' lang='lat' dir='ltr'><strong>poenam</strong></span> <span class='ocrx_word' id='word_1_39' title='bbox 827 637 961 714; x_wconf 76' lang='lat' dir='ltr'><strong>subibat,</strong></span> <span class='ocrx_word' id='word_1_40' title='bbox 981 658 1037 698; x_wconf 89' lang='lat' dir='ltr'><strong>nec</strong></span> <span class='ocrx_word' id='word_1_41' title='bbox 1056 643 1199 720; x_wconf 88' lang='lat' dir='ltr'><strong>supplicii</strong></span> <span class='ocrx_word' id='word_1_42' title='bbox 1213 656 1270 702; x_wconf 53' lang='lat' dir='ltr'><strong>eice</strong></span> 
     </span>
     <span class='ocr_line' id='line_1_6' title="bbox 160 713 1248 805; baseline -0.001 -23"><span class='ocrx_word' id='word_1_43' title='bbox 160 720 257 782; x_wconf 80' lang='lat' dir='ltr'><strong>&#39;tremi</strong></span> <span class='ocrx_word' id='word_1_44' title='bbox 270 722 305 782; x_wconf 87' lang='lat' dir='ltr'><strong>iu</strong></span> <span class='ocrx_word' id='word_1_45' title='bbox 317 725 423 805; x_wconf 73' lang='grc' dir='ltr'><strong><em>γραφῇ</em></strong></span> <span class='ocrx_word' id='word_1_46' title='bbox 433 713 621 799; x_wconf 72' lang='grc' dir='ltr'><strong><em>παρανόμων</em></strong></span> <span class='ocrx_word' id='word_1_47' title='bbox 642 721 735 779; x_wconf 89' lang='lat' dir='ltr'><strong>sumti</strong></span> <span class='ocrx_word' id='word_1_48' title='bbox 750 723 888 800; x_wconf 87' lang='lat' dir='ltr'><strong>exempla</strong></span> <span class='ocrx_word' id='word_1_49' title='bbox 902 723 1013 782; x_wconf 79' lang='lat' dir='ltr'><strong>desunt</strong></span> <span class='ocrx_word' id='word_1_50' title='bbox 1029 723 1099 803; x_wconf 69' lang='lat'><strong>¹⁴0).</strong></span> <span class='ocrx_word' id='word_1_51' title='bbox 1143 756 1146 763; x_wconf 95' lang='lat'>·</span> <span class='ocrx_word' id='word_1_52' title='bbox 1181 749 1189 761; x_wconf 35' lang='grc' dir='ltr'><strong><em>ο</em></strong></span> <span class='ocrx_word' id='word_1_53' title='bbox 1244 766 1248 775; x_wconf 89' lang='grc'><em>.</em></span> 
     </span>
    </p>
   </div>
   <div class='ocr_carea' id='block_1_4' title="bbox 110 805 1270 884">
    <p class='ocr_par' dir='ltr' id='par_1_4' title="bbox 110 805 1270 884">
     <span class='ocr_line' id='line_1_7' title="bbox 110 805 1270 884; baseline 0.007 -24"><span class='ocrx_word' id='word_1_54' title='bbox 110 805 161 865; x_wconf 79' lang='grc'><strong>139</strong></span> <span class='ocrx_word' id='word_1_55' title='bbox 252 807 365 865; x_wconf 89' lang='lat' dir='ltr'><strong>Verum</strong></span> <span class='ocrx_word' id='word_1_56' title='bbox 381 805 537 884; x_wconf 70' lang='lat' dir='ltr'><strong>ut‘modus</strong></span> <span class='ocrx_word' id='word_1_57' title='bbox 549 814 627 862; x_wconf 89' lang='lat' dir='ltr'><strong>esset</strong></span> <span class='ocrx_word' id='word_1_58' title='bbox 643 805 763 862; x_wconf 69' lang='lat' dir='ltr'><strong>ac‘finis</strong></span> <span class='ocrx_word' id='word_1_59' title='bbox 779 807 953 881; x_wconf 88' lang='lat' dir='ltr'><strong>accusandi,</strong></span> <span class='ocrx_word' id='word_1_60' title='bbox 975 808 1089 869; x_wconf 89' lang='lat' dir='ltr'><strong>nemini</strong></span> <span class='ocrx_word' id='word_1_61' title='bbox 1099 808 1174 866; x_wconf 85' lang='lat' dir='ltr'><strong>baec</strong></span> <span class='ocrx_word' id='word_1_62' title='bbox 1189 808 1270 869; x_wconf 87' lang='lat' dir='ltr'><strong>actio</strong></span> 
     </span>
    </p>
   </div>
   <div class='ocr_carea' id='block_1_5' title="bbox 167 890 1293 970">
    <p class='ocr_par' dir='ltr' id='par_1_5' title="bbox 167 890 1293 970">
     <span class='ocr_line' id='line_1_8' title="bbox 167 890 1293 970; baseline 0.003 -20"><span class='ocrx_word' id='word_1_63' title='bbox 167 893 296 951; x_wconf 85' lang='lat' dir='ltr'><strong>dabatur</strong></span> <span class='ocrx_word' id='word_1_64' title='bbox 317 893 418 969; x_wconf 89' lang='lat' dir='ltr'><strong>elapso</strong></span> <span class='ocrx_word' id='word_1_65' title='bbox 440 909 537 962; x_wconf 84' lang='lat' dir='ltr'><strong>auno,</strong></span> <span class='ocrx_word' id='word_1_66' title='bbox 560 910 598 947; x_wconf 84' lang='lat' dir='ltr'><strong>ex</strong></span> <span class='ocrx_word' id='word_1_67' title='bbox 611 910 675 967; x_wconf 51' lang='lat' dir='ltr'><strong>*quo</strong></span> <span class='ocrx_word' id='word_1_68' title='bbox 697 891 778 948; x_wconf 87' lang='lat' dir='ltr'><strong>lator</strong></span> <span class='ocrx_word' id='word_1_69' title='bbox 795 890 1057 970; x_wconf 69' lang='lat' dir='ltr'><strong>praescriptionis,</strong></span> <span class='ocrx_word' id='word_1_70' title='bbox 1080 913 1169 970; x_wconf 86' lang='lat' dir='ltr'><strong>quam</strong></span> <span class='ocrx_word' id='word_1_71' title='bbox 1190 894 1293 953; x_wconf 52' lang='lat' dir='ltr'><strong>turis*</strong></span> 
     </span>
    </p>
   </div>
   <div class='ocr_carea' id='block_1_6' title="bbox 46 973 1270 1139">
    <p class='ocr_par' dir='ltr' id='par_1_6' title="bbox 46 973 1270 1139">
     <span class='ocr_line' id='line_1_9' title="bbox 138 973 1270 1048; baseline 0 -13"><span class='ocrx_word' id='word_1_72' title='bbox 138 1008 148 1013; x_wconf 91' lang='lat'><em>·</em></span> <span class='ocrx_word' id='word_1_73' title='bbox 167 977 299 1035; x_wconf 90' lang='lat' dir='ltr'><strong>consulti</strong></span> <span class='ocrx_word' id='word_1_74' title='bbox 317 984 444 1048; x_wconf 86' lang='lat' dir='ltr'><strong>vocant,</strong></span> <span class='ocrx_word' id='word_1_75' title='bbox 466 973 609 1031; x_wconf 84' lang='lat' dir='ltr'><strong>beneficio</strong></span> <span class='ocrx_word' id='word_1_76' title='bbox 626 974 788 1032; x_wconf 78' lang='lat' dir='ltr'><strong>fruebatur.</strong></span> <span class='ocrx_word' id='word_1_77' title='bbox 834 977 917 1048; x_wconf 85' lang='lat' dir='ltr'><strong>Quae</strong></span> <span class='ocrx_word' id='word_1_78' title='bbox 940 996 987 1034; x_wconf 87' lang='lat' dir='ltr'><strong>res</strong></span> <span class='ocrx_word' id='word_1_79' title='bbox 1005 985 1105 1033; x_wconf 89' lang='lat' dir='ltr'><strong>tamen</strong></span> <span class='ocrx_word' id='word_1_80' title='bbox 1124 998 1188 1035; x_wconf 88' lang='lat' dir='ltr'><strong>non</strong></span> <span class='ocrx_word' id='word_1_81' title='bbox 1211 979 1270 1035; x_wconf 91' lang='lat' dir='ltr'><strong>ob·</strong></span> 
     </span>
     <span class='ocr_line' id='line_1_10' title="bbox 46 1057 1270 1139; baseline 0 -20"><span class='ocrx_word' id='word_1_82' title='bbox 46 1093 51 1100; x_wconf 78' lang='lat'><em>,</em></span> <span class='ocrx_word' id='word_1_83' title='bbox 87 1079 97 1087; x_wconf 81' lang='lat'><strong><em>‘</em></strong></span> <span class='ocrx_word' id='word_1_84' title='bbox 166 1062 274 1136; x_wconf 87' lang='lat' dir='ltr'><strong>stabat,</strong></span> <span class='ocrx_word' id='word_1_85' title='bbox 296 1081 354 1138; x_wconf 92' lang='lat' dir='ltr'><strong>quo</strong></span> <span class='ocrx_word' id='word_1_86' title='bbox 366 1058 464 1116; x_wconf 74' lang='lat' dir='ltr'><strong>tatinus</strong></span> <span class='ocrx_word' id='word_1_87' title='bbox 480 1057 576 1136; x_wconf 87' lang='lat' dir='ltr'><strong>ipsam</strong></span> <span class='ocrx_word' id='word_1_88' title='bbox 588 1057 693 1135; x_wconf 78' lang='lat' dir='ltr'><strong>legem,</strong></span> <span class='ocrx_word' id='word_1_89' title='bbox 717 1058 884 1139; x_wconf 82' lang='lat' dir='ltr'><strong>quicunque</strong></span> <span class='ocrx_word' id='word_1_90' title='bbox 898 1059 990 1118; x_wconf 88' lang='lat' dir='ltr'><strong>vellet</strong></span> <span class='ocrx_word' id='word_1_91' title='bbox 1008 1070 1037 1117; x_wconf 91' lang='lat' dir='ltr'><strong>et</strong></span> <span class='ocrx_word' id='word_1_92' title='bbox 1051 1081 1172 1139; x_wconf 88' lang='lat' dir='ltr'><strong>quoquo</strong></span> <span class='ocrx_word' id='word_1_93' title='bbox 1189 1070 1270 1119; x_wconf 86' lang='lat' dir='ltr'><strong>tem-</strong></span> 
     </span>
    </p>
   </div>
   <div class='ocr_carea' id='block_1_7' title="bbox 166 1140 1271 1307">
    <p class='ocr_par' dir='ltr' id='par_1_7' title="bbox 166 1140 1271 1307">
     <span class='ocr_line' id='line_1_11' title="bbox 166 1140 1271 1226; baseline 0 -22"><span class='ocrx_word' id='word_1_94' title='bbox 166 1167 255 1226; x_wconf 83' lang='lat' dir='ltr'><strong>pore,</strong></span> <span class='ocrx_word' id='word_1_95' title='bbox 277 1145 312 1202; x_wconf 90' lang='lat' dir='ltr'><strong>in</strong></span> <span class='ocrx_word' id='word_1_96' title='bbox 327 1143 473 1202; x_wconf 85' lang='lat' dir='ltr'><strong>iudicium</strong></span> <span class='ocrx_word' id='word_1_97' title='bbox 487 1142 646 1218; x_wconf 83' lang='lat' dir='ltr'><strong>revocare,</strong></span> <span class='ocrx_word' id='word_1_98' title='bbox 669 1142 830 1219; x_wconf 74' lang='lat' dir='ltr'><strong>infirmare,</strong></span> <span class='ocrx_word' id='word_1_99' title='bbox 853 1140 1017 1203; x_wconf 69' lang='lat' dir='ltr'><strong>dissolvere</strong></span> <span class='ocrx_word' id='word_1_100' title='bbox 1029 1155 1132 1223; x_wconf 85' lang='lat' dir='ltr'><strong>posset</strong></span> <span class='ocrx_word' id='word_1_101' title='bbox 1144 1141 1215 1225; x_wconf 80' lang='lat'>¹⁴¹):</span> <span class='ocrx_word' id='word_1_102' title='bbox 1238 1155 1271 1204; x_wconf 87' lang='lat' dir='ltr'><strong>et</strong></span> 
     </span>
     <span class='ocr_line' id='line_1_12' title="bbox 166 1223 1271 1307; baseline 0 -19"><span class='ocrx_word' id='word_1_103' title='bbox 166 1231 200 1288; x_wconf 92' lang='lat' dir='ltr'><strong>in</strong></span> <span class='ocrx_word' id='word_1_104' title='bbox 213 1230 274 1289; x_wconf 89' lang='lat' dir='ltr'><strong>hoc</strong></span> <span class='ocrx_word' id='word_1_105' title='bbox 295 1248 401 1306; x_wconf 81' lang='lat' dir='ltr'><strong>genere</strong></span> <span class='ocrx_word' id='word_1_106' title='bbox 419 1224 494 1284; x_wconf 88' lang='lat' dir='ltr'><strong>liaeo</strong></span> <span class='ocrx_word' id='word_1_107' title='bbox 510 1236 646 1303; x_wconf 79' lang='lat' dir='ltr'><strong>versatur</strong></span> <span class='ocrx_word' id='word_1_108' title='bbox 655 1223 772 1285; x_wconf 71' lang='lat' dir='ltr'><strong>&#39;Or-atio.</strong></span> <span class='ocrx_word' id='word_1_109' title='bbox 814 1228 850 1285; x_wconf 89' lang='lat' dir='ltr'><strong>ln</strong></span> <span class='ocrx_word' id='word_1_110' title='bbox 865 1249 923 1307; x_wconf 91' lang='lat' dir='ltr'><strong>qua</strong></span> <span class='ocrx_word' id='word_1_111' title='bbox 941 1248 1017 1307; x_wconf 90' lang='lat' dir='ltr'><strong>quae</strong></span> <span class='ocrx_word' id='word_1_112' title='bbox 1038 1229 1077 1287; x_wconf 86' lang='lat' dir='ltr'><strong>ad</strong></span> <span class='ocrx_word' id='word_1_113' title='bbox 1092 1231 1218 1287; x_wconf 83' lang='lat' dir='ltr'><strong>sormam</strong></span> <span class='ocrx_word' id='word_1_114' title='bbox 1239 1238 1271 1288; x_wconf 88' lang='lat' dir='ltr'><strong>et</strong></span> 
     </span>
    </p>
   </div>
   <div class='ocr_carea' id='block_1_8' title="bbox 103 1308 1301 1391">
    <p class='ocr_par' dir='ltr' id='par_1_8' title="bbox 103 1308 1301 1391">
     <span class='ocr_line' id='line_1_13' title="bbox 103 1308 1301 1391; baseline -0.006 -18"><span class='ocrx_word' id='word_1_115' title='bbox 103 1310 114 1356; x_wconf 55' lang='grc' dir='ltr'>ἕ</span> <span class='ocrx_word' id='word_1_116' title='bbox 167 1308 302 1374; x_wconf 79' lang='lat' dir='ltr'><strong>oidinem</strong></span> <span class='ocrx_word' id='word_1_117' title='bbox 316 1309 423 1371; x_wconf 84' lang='lat' dir='ltr'><strong>iudicii</strong></span> <span class='ocrx_word' id='word_1_118' title='bbox 435 1320 572 1389; x_wconf 87' lang='lat' dir='ltr'><strong>spectant</strong></span> <span class='ocrx_word' id='word_1_119' title='bbox 580 1319 687 1368; x_wconf 83' lang='lat' dir='ltr'><strong>notatu</strong></span> <span class='ocrx_word' id='word_1_120' title='bbox 703 1311 853 1388; x_wconf 83' lang='lat' dir='ltr'><strong>digniora,·</strong></span> <span class='ocrx_word' id='word_1_121' title='bbox 863 1334 1031 1391; x_wconf 78' lang='lat' dir='ltr'><strong>quanquam</strong></span> <span class='ocrx_word' id='word_1_122' title='bbox 1044 1312 1127 1371; x_wconf 87' lang='lat' dir='ltr'><strong>haud</strong></span> <span class='ocrx_word' id='word_1_123' title='bbox 1138 1308 1276 1372; x_wconf 78' lang='lat' dir='ltr'><strong>inultuni</strong></span> <span class='ocrx_word' id='word_1_124' title='bbox 1295 1362 1301 1366; x_wconf 85' lang='lat'><strong>.</strong></span> 
     </span>
    </p>
   </div>
   <div class='ocr_carea' id='block_1_9' title="bbox 101 1388 1270 1479">
    <p class='ocr_par' dir='ltr' id='par_1_9' title="bbox 101 1388 1270 1479">
     <span class='ocr_line' id='line_1_14' title="bbox 101 1388 1270 1479; baseline -0.002 -22"><span class='ocrx_word' id='word_1_125' title='bbox 101 1416 129 1444; x_wconf 60' lang='grc' dir='ltr'><strong>ι’</strong></span> <span class='ocrx_word' id='word_1_126' title='bbox 166 1397 357 1457; x_wconf 75' lang='lat' dir='ltr'><strong>abhorrentia</strong></span> <span class='ocrx_word' id='word_1_127' title='bbox 380 1396 416 1454; x_wconf 88' lang='lat' dir='ltr'><strong>ab</strong></span> <span class='ocrx_word' id='word_1_128' title='bbox 431 1397 532 1453; x_wconf 85' lang='lat' dir='ltr'><strong>altera·</strong></span> <span class='ocrx_word' id='word_1_129' title='bbox 545 1388 679 1470; x_wconf 82' lang='lat' dir='ltr'><strong>actione,</strong></span> <span class='ocrx_word' id='word_1_130' title='bbox 701 1394 777 1454; x_wconf 88' lang='lat' dir='ltr'><strong>haec</strong></span> <span class='ocrx_word' id='word_1_131' title='bbox 793 1398 885 1455; x_wconf 73' lang='lat' dir='ltr'><strong>serane</strong></span> <span class='ocrx_word' id='word_1_132' title='bbox 909 1407 989 1479; x_wconf 83' lang='lat' dir='ltr'><strong>suut.</strong></span> <span class='ocrx_word' id='word_1_133' title='bbox 1036 1396 1169 1455; x_wconf 79' lang='lat' dir='ltr'><strong>Primum</strong></span> <span class='ocrx_word' id='word_1_134' title='bbox 1190 1398 1270 1456; x_wconf 88' lang='lat' dir='ltr'><strong>illud</strong></span> 
     </span>
    </p>
   </div>
   <div class='ocr_carea' id='block_1_10' title="bbox 166 1478 1269 1561">
    <p class='ocr_par' dir='ltr' id='par_1_10' title="bbox 166 1478 1269 1561">
     <span class='ocr_line' id='line_1_15' title="bbox 166 1478 1269 1561; baseline -0.002 -21"><span class='ocrx_word' id='word_1_135' title='bbox 166 1483 296 1540; x_wconf 81' lang='lat' dir='ltr'><strong>maxime</strong></span> <span class='ocrx_word' id='word_1_136' title='bbox 317 1481 458 1554; x_wconf 86' lang='lat' dir='ltr'><strong>interest,</strong></span> <span class='ocrx_word' id='word_1_137' title='bbox 487 1479 568 1557; x_wconf 85' lang='lat' dir='ltr'><strong>quod</strong></span> <span class='ocrx_word' id='word_1_138' title='bbox 589 1479 699 1555; x_wconf 79' lang='lat' dir='ltr'><strong>Orator</strong></span> <span class='ocrx_word' id='word_1_139' title='bbox 719 1501 867 1558; x_wconf 82' lang='lat' dir='ltr'><strong>nusquam</strong></span> <span class='ocrx_word' id='word_1_140' title='bbox 887 1478 955 1553; x_wconf 76' lang='lat' dir='ltr'><strong>cuin</strong></span> <span class='ocrx_word' id='word_1_141' title='bbox 976 1482 1101 1561; x_wconf 80' lang='lat' dir='ltr'><strong>Leptine</strong></span> <span class='ocrx_word' id='word_1_142' title='bbox 1124 1483 1183 1559; x_wconf 86' lang='lat' dir='ltr'><strong>agit</strong></span> <span class='ocrx_word' id='word_1_143' title='bbox 1197 1492 1269 1539; x_wconf 87' lang='lat' dir='ltr'><strong>tau-</strong></span> 
     </span>
    </p>
   </div>
   <div class='ocr_carea' id='block_1_11' title="bbox 108 1559 1270 1649">
    <p class='ocr_par' dir='ltr' id='par_1_11' title="bbox 108 1559 1270 1649">
     <span class='ocr_line' id='line_1_16' title="bbox 108 1559 1270 1649; baseline -0.001 -24"><span class='ocrx_word' id='word_1_144' title='bbox 108 1605 111 1611; x_wconf 87' lang='lat'>·</span> <span class='ocrx_word' id='word_1_145' title='bbox 167 1559 258 1649; x_wconf 78' lang='lat' dir='ltr'><strong>quam</strong></span> <span class='ocrx_word' id='word_1_146' title='bbox 274 1586 345 1623; x_wconf 91' lang='lat' dir='ltr'><strong>cum</strong></span> <span class='ocrx_word' id='word_1_147' title='bbox 356 1585 426 1638; x_wconf 87' lang='lat' dir='ltr'><strong>reo,</strong></span> <span class='ocrx_word' id='word_1_148' title='bbox 449 1563 506 1620; x_wconf 83' lang='lat' dir='ltr'><strong>etsi</strong></span> <span class='ocrx_word' id='word_1_149' title='bbox 523 1564 549 1621; x_wconf 91' lang='lat' dir='ltr'><strong>is</strong></span> <span class='ocrx_word' id='word_1_150' title='bbox 565 1583 706 1642; x_wconf 90' lang='lat' dir='ltr'><strong>praesens</strong></span> <span class='ocrx_word' id='word_1_151' title='bbox 722 1564 757 1621; x_wconf 89' lang='lat' dir='ltr'><strong>in</strong></span> <span class='ocrx_word' id='word_1_152' title='bbox 769 1564 881 1637; x_wconf 81' lang='lat' dir='ltr'><strong>iudicio</strong></span> <span class='ocrx_word' id='word_1_153' title='bbox 896 1566 988 1641; x_wconf 82' lang='lat' dir='ltr'><strong>adest,</strong></span> <span class='ocrx_word' id='word_1_154' title='bbox 1010 1583 1082 1623; x_wconf 82' lang='lat' dir='ltr'><strong>mox</strong></span> <span class='ocrx_word' id='word_1_155' title='bbox 1094 1567 1188 1648; x_wconf 84' lang='lat' dir='ltr'><strong>legem</strong></span> <span class='ocrx_word' id='word_1_156' title='bbox 1204 1567 1270 1644; x_wconf 90' lang='lat' dir='ltr'><strong>ipse</strong></span> 
     </span>
    </p>
   </div>
   <div class='ocr_carea' id='block_1_12' title="bbox 167 1639 1328 1731">
    <p class='ocr_par' dir='ltr' id='par_1_12' title="bbox 167 1639 1328 1731">
     <span class='ocr_line' id='line_1_17' title="bbox 167 1639 1328 1731; baseline 0.003 -27"><span class='ocrx_word' id='word_1_157' title='bbox 167 1671 289 1730; x_wconf 85' lang='lat' dir='ltr'><strong>quoque</strong></span> <span class='ocrx_word' id='word_1_158' title='bbox 314 1668 399 1720; x_wconf 82' lang='lat' dir='ltr'><strong>suam</strong></span> <span class='ocrx_word' id='word_1_159' title='bbox 420 1647 595 1712; x_wconf 83' lang='lat' dir='ltr'><strong>defensurus</strong></span> <span class='ocrx_word' id='word_1_160' title='bbox 610 1640 679 1731; x_wconf 83' lang='lat'><strong>¹⁴²).</strong></span> <span class='ocrx_word' id='word_1_161' title='bbox 700 1639 704 1643; x_wconf 36' lang='lat'><strong>⁴</strong></span> <span class='ocrx_word' id='word_1_162' title='bbox 723 1640 960 1708; x_wconf 51' lang='lat' dir='ltr'><strong>Secundo&#39;nunc</strong></span> <span class='ocrx_word' id='word_1_163' title='bbox 979 1671 1044 1708; x_wconf 88' lang='lat' dir='ltr'><strong>rem</strong></span> <span class='ocrx_word' id='word_1_164' title='bbox 1063 1651 1100 1708; x_wconf 92' lang='lat' dir='ltr'><strong>ab</strong></span> <span class='ocrx_word' id='word_1_165' title='bbox 1116 1650 1269 1709; x_wconf 75' lang='lat' dir='ltr'><strong>actoribus</strong></span> <span class='ocrx_word' id='word_1_166' title='bbox 1322 1679 1328 1688; x_wconf 78' lang='lat'><em>,</em></span> 
     </span>
    </p>
   </div>
   <div class='ocr_carea' id='block_1_13' title="bbox 96 1730 1267 1812">
    <p class='ocr_par' dir='ltr' id='par_1_13' title="bbox 96 1730 1267 1812">
     <span class='ocr_line' id='line_1_18' title="bbox 96 1730 1267 1812; baseline -0.001 -18"><span class='ocrx_word' id='word_1_167' title='bbox 96 1732 100 1739; x_wconf 67' lang='grc'><em>’</em></span> <span class='ocrx_word' id='word_1_168' title='bbox 167 1731 486 1812; x_wconf 73' lang='lat' dir='ltr'><strong>delatam=1epesimus</strong></span> <span class='ocrx_word' id='word_1_169' title='bbox 507 1732 545 1789; x_wconf 86' lang='lat' dir='ltr'><strong>ad</strong></span> <span class='ocrx_word' id='word_1_170' title='bbox 568 1730 811 1810; x_wconf 67' lang='lat' dir='ltr'><strong>Thesmothetas]</strong></span> <span class='ocrx_word' id='word_1_171' title='bbox 842 1733 964 1792; x_wconf 88' lang='lat' dir='ltr'><strong>ultimos</strong></span> <span class='ocrx_word' id='word_1_172' title='bbox 986 1755 1040 1792; x_wconf 84' lang='lat' dir='ltr'><strong>sex</strong></span> <span class='ocrx_word' id='word_1_173' title='bbox 1063 1735 1267 1810; x_wconf 79' lang='lat' dir='ltr'><strong>Archontum5</strong></span> 
     </span>
    </p>
   </div>
   <div class='ocr_carea' id='block_1_14' title="bbox 167 1816 1271 1898">
    <p class='ocr_par' dir='ltr' id='par_1_14' title="bbox 167 1816 1271 1898">
     <span class='ocr_line' id='line_1_19' title="bbox 167 1816 1271 1898; baseline -0.003 -19"><span class='ocrx_word' id='word_1_174' title='bbox 167 1820 387 1897; x_wconf 78' lang='lat' dir='ltr'><strong>eorundemque</strong></span> <span class='ocrx_word' id='word_1_175' title='bbox 406 1816 555 1896; x_wconf 89' lang='lat' dir='ltr'><strong>permissu</strong></span> <span class='ocrx_word' id='word_1_176' title='bbox 572 1836 685 1874; x_wconf 86' lang='lat' dir='ltr'><strong>novam</strong></span> <span class='ocrx_word' id='word_1_177' title='bbox 707 1817 801 1894; x_wconf 87' lang='lat' dir='ltr'><strong>legem</strong></span> <span class='ocrx_word' id='word_1_178' title='bbox 826 1817 1036 1877; x_wconf 84' lang='lat' dir='ltr'><strong>Demosthenis</strong></span> <span class='ocrx_word' id='word_1_179' title='bbox 1056 1819 1215 1898; x_wconf 90' lang='lat' dir='ltr'><strong>Leptiueae</strong></span> <span class='ocrx_word' id='word_1_180' title='bbox 1235 1819 1271 1877; x_wconf 79' lang='lat' dir='ltr'><strong>in·</strong></span> 
     </span>
    </p>
   </div>
   <div class='ocr_carea' id='block_1_15' title="bbox 108 1872 1269 1990">
    <p class='ocr_par' dir='ltr' id='par_1_15' title="bbox 108 1872 1269 1990">
     <span class='ocr_line' id='line_1_20' title="bbox 108 1872 1269 1990; baseline -0.002 -28"><span class='ocrx_word' id='word_1_181' title='bbox 108 1872 235 1964; x_wconf 71' lang='lat' dir='ltr'><strong>lloalbo</strong></span> <span class='ocrx_word' id='word_1_182' title='bbox 257 1900 459 1982; x_wconf 79' lang='lat' dir='ltr'><strong>adscriptam,</strong></span> <span class='ocrx_word' id='word_1_183' title='bbox 481 1899 771 1990; x_wconf 79' lang='grc' dir='ltr'><strong><em>παραγεγραμμένην</em></strong></span> <span class='ocrx_word' id='word_1_184' title='bbox 785 1899 851 1981; x_wconf 83' lang='lat'><strong>¹⁴³).</strong></span> <span class='ocrx_word' id='word_1_185' title='bbox 894 1903 930 1960; x_wconf 89' lang='lat' dir='ltr'><strong>Id</strong></span> <span class='ocrx_word' id='word_1_186' title='bbox 941 1924 1014 1962; x_wconf 76' lang='lat' dir='ltr'><strong>vero</strong></span> <span class='ocrx_word' id='word_1_187' title='bbox 1031 1903 1167 1981; x_wconf 82' lang='lat' dir='ltr'><strong>quamvis</strong></span> <span class='ocrx_word' id='word_1_188' title='bbox 1190 1903 1269 1962; x_wconf 88' lang='lat' dir='ltr'><strong>nulli</strong></span> 
     </span>
    </p>
   </div>
   <div class='ocr_carea' id='block_1_16' title="bbox 86 2992 115 3039">
    <p class='ocr_par' dir='ltr' id='par_1_16' title="bbox 86 2992 115 3039">
     <span class='ocr_line' id='line_1_21' title="bbox 86 2992 115 3039; baseline 0 -16"><span class='ocrx_word' id='word_1_189' title='bbox 86 2992 115 3039; x_wconf 55' lang='lat'><strong>,0</strong></span> 
     </span>
    </p>
   </div>
   <div class='ocr_carea' id='block_1_17' title="bbox 165 1986 1337 2234">
    <p class='ocr_par' dir='ltr' id='par_1_17' title="bbox 165 1986 1337 2234">
     <span class='ocr_line' id='line_1_22' title="bbox 165 1986 1269 2068; baseline -0.002 -20"><span class='ocrx_word' id='word_1_190' title='bbox 165 1991 366 2068; x_wconf 80' lang='lat' dir='ltr'><strong>interpretum</strong></span> <span class='ocrx_word' id='word_1_191' title='bbox 379 2006 481 2044; x_wconf 89' lang='lat' dir='ltr'><strong>curam</strong></span> <span class='ocrx_word' id='word_1_192' title='bbox 499 1986 606 2058; x_wconf 78' lang='lat' dir='ltr'><strong>movit,</strong></span> <span class='ocrx_word' id='word_1_193' title='bbox 627 2006 691 2044; x_wconf 91' lang='lat' dir='ltr'><strong>nou</strong></span> <span class='ocrx_word' id='word_1_194' title='bbox 706 1996 789 2044; x_wconf 89' lang='lat' dir='ltr'><strong>caret</strong></span> <span class='ocrx_word' id='word_1_195' title='bbox 803 1997 903 2046; x_wconf 90' lang='lat' dir='ltr'><strong>tamen</strong></span> <span class='ocrx_word' id='word_1_196' title='bbox 923 1987 1118 2062; x_wconf 83' lang='lat' dir='ltr'><strong>dubitatione,</strong></span> <span class='ocrx_word' id='word_1_197' title='bbox 1139 2009 1212 2067; x_wconf 90' lang='lat' dir='ltr'><strong>quos</strong></span> <span class='ocrx_word' id='word_1_198' title='bbox 1228 1986 1269 2046; x_wconf 83' lang='lat' dir='ltr'><strong>ad</strong></span> 
     </span>
     <span class='ocr_line' id='line_1_23' title="bbox 166 2069 1337 2150; baseline -0.002 -18"><span class='ocrx_word' id='word_1_199' title='bbox 166 2074 281 2132; x_wconf 86' lang='lat' dir='ltr'><strong>iudices</strong></span> <span class='ocrx_word' id='word_1_200' title='bbox 313 2071 388 2129; x_wconf 89' lang='lat' dir='ltr'><strong>hacc</strong></span> <span class='ocrx_word' id='word_1_201' title='bbox 416 2090 520 2131; x_wconf 87' lang='lat' dir='ltr'><strong>caussa</strong></span> <span class='ocrx_word' id='word_1_202' title='bbox 555 2069 689 2146; x_wconf 83' lang='lat' dir='ltr'><strong>delegata</strong></span> <span class='ocrx_word' id='word_1_203' title='bbox 722 2081 775 2129; x_wconf 87' lang='lat' dir='ltr'><strong>aut</strong></span> <span class='ocrx_word' id='word_1_204' title='bbox 802 2072 883 2150; x_wconf 86' lang='lat' dir='ltr'><strong>apud</strong></span> <span class='ocrx_word' id='word_1_205' title='bbox 913 2093 988 2150; x_wconf 86' lang='lat' dir='ltr'><strong>quos</strong></span> <span class='ocrx_word' id='word_1_206' title='bbox 1026 2073 1130 2136; x_wconf 86' lang='lat' dir='ltr'><strong>Oratio</strong></span> <span class='ocrx_word' id='word_1_207' title='bbox 1165 2072 1268 2132; x_wconf 86' lang='lat' dir='ltr'><strong>habita</strong></span> <span class='ocrx_word' id='word_1_208' title='bbox 1330 2135 1337 2147; x_wconf 83' lang='lat'><strong>.</strong></span> 
     </span>
     <span class='ocr_line' id='line_1_24' title="bbox 166 2152 1267 2234; baseline -0.003 -17"><span class='ocrx_word' id='word_1_209' title='bbox 166 2159 214 2218; x_wconf 83' lang='lat' dir='ltr'><strong>sit.</strong></span> <span class='ocrx_word' id='word_1_210' title='bbox 256 2159 301 2214; x_wconf 91' lang='lat' dir='ltr'><strong>De</strong></span> <span class='ocrx_word' id='word_1_211' title='bbox 330 2174 391 2232; x_wconf 85' lang='lat' dir='ltr'><strong>quo</strong></span> <span class='ocrx_word' id='word_1_212' title='bbox 415 2153 457 2234; x_wconf 78' lang='lat' dir='ltr'><strong>ita</strong></span> <span class='ocrx_word' id='word_1_213' title='bbox 477 2163 593 2227; x_wconf 83' lang='lat' dir='ltr'><strong>statuo,</strong></span> <span class='ocrx_word' id='word_1_214' title='bbox 630 2152 744 2211; x_wconf 85' lang='lat' dir='ltr'><strong>iudices</strong></span> <span class='ocrx_word' id='word_1_215' title='bbox 764 2156 1012 2214; x_wconf 84' lang='lat' dir='ltr'><strong>necuniversam</strong></span> <span class='ocrx_word' id='word_1_216' title='bbox 1040 2156 1197 2215; x_wconf 87' lang='lat' dir='ltr'><strong>ecclesiam</strong></span> <span class='ocrx_word' id='word_1_217' title='bbox 1218 2177 1267 2215; x_wconf 92' lang='lat' dir='ltr'><strong>es-</strong></span> 
     </span>
    </p>
   </div>
   <div class='ocr_carea' id='block_1_18' title="bbox 75 2230 1311 2327">
    <p class='ocr_par' dir='ltr' id='par_1_18' title="bbox 75 2230 1311 2327">
     <span class='ocr_line' id='line_1_25' title="bbox 75 2230 1311 2327; baseline -0.003 -24"><span class='ocrx_word' id='word_1_218' title='bbox 75 2246 78 2249; x_wconf 77' lang='grc'><strong>’</strong></span> <span class='ocrx_word' id='word_1_219' title='bbox 107 2251 112 2262; x_wconf 88' lang='grc'><em>’</em></span> <span class='ocrx_word' id='word_1_220' title='bbox 142 2238 215 2318; x_wconf 84' lang='lat' dir='ltr'><strong>&#39;se,</strong></span> <span class='ocrx_word' id='word_1_221' title='bbox 245 2259 303 2300; x_wconf 88' lang='lat' dir='ltr'><strong>nec</strong></span> <span class='ocrx_word' id='word_1_222' title='bbox 322 2248 473 2314; x_wconf 84' lang='lat' dir='ltr'><strong>senatum,</strong></span> <span class='ocrx_word' id='word_1_223' title='bbox 494 2238 552 2296; x_wconf 88' lang='lat' dir='ltr'><strong>nec</strong></span> <span class='ocrx_word' id='word_1_224' title='bbox 574 2234 811 2315; x_wconf 87' lang='lat' dir='ltr'><strong>Thesmothetas,</strong></span> <span class='ocrx_word' id='word_1_225' title='bbox 841 2230 938 2320; x_wconf 85' lang='lat' dir='ltr'><strong>neque</strong></span> <span class='ocrx_word' id='word_1_226' title='bbox 955 2241 1266 2327; x_wconf 30' lang='lat' dir='ltr'><strong>etiamzNomothetas,</strong></span> <span class='ocrx_word' id='word_1_227' title='bbox 1304 2259 1311 2266; x_wconf 85' lang='lat'><strong>·</strong></span> 
     </span>
    </p>
   </div>
   <div class='ocr_carea' id='block_1_19' title="bbox 165 2416 375 2432">
    <p class='ocr_par' dir='ltr' id='par_1_19' title="bbox 165 2416 375 2432">
     <span class='ocr_line' id='line_1_26' title="bbox 165 2416 375 2432; baseline -0.014 0"><span class='ocrx_word' id='word_1_228' title='bbox 165 2416 375 2432; x_wconf 44' lang='lat' dir='ltr'><strong>..nam—*-</strong></span> 
     </span>
    </p>
   </div>
   <div class='ocr_carea' id='block_1_20' title="bbox 165 2521 1307 3028">
    <p class='ocr_par' dir='ltr' id='par_1_20' title="bbox 175 2521 1267 2799">
     <span class='ocr_line' id='line_1_27' title="bbox 203 2521 1267 2591; baseline 0.003 -14"><span class='ocrx_word' id='word_1_229' title='bbox 203 2526 263 2591; x_wconf 74' lang='lat' dir='ltr'><strong>Ito)</strong></span> <span class='ocrx_word' id='word_1_230' title='bbox 280 2526 343 2577; x_wconf 80' lang='lat' dir='ltr'><strong>vid.</strong></span> <span class='ocrx_word' id='word_1_231' title='bbox 361 2524 504 2574; x_wconf 86' lang='lat' dir='ltr'><strong>Timocrat.</strong></span> <span class='ocrx_word' id='word_1_232' title='bbox 521 2539 547 2589; x_wconf 89' lang='lat' dir='ltr'><strong>p.</strong></span> <span class='ocrx_word' id='word_1_233' title='bbox 563 2521 625 2576; x_wconf 61' lang='lat'><strong>794</strong></span> <span class='ocrx_word' id='word_1_234' title='bbox 643 2525 675 2584; x_wconf 80' lang='lat' dir='ltr'><strong>D,</strong></span> <span class='ocrx_word' id='word_1_235' title='bbox 712 2526 796 2586; x_wconf 86' lang='lat' dir='ltr'><strong>Quam</strong></span> <span class='ocrx_word' id='word_1_236' title='bbox 815 2526 882 2578; x_wconf 87' lang='lat' dir='ltr'><strong>varii</strong></span> <span class='ocrx_word' id='word_1_237' title='bbox 897 2535 984 2577; x_wconf 89' lang='lat' dir='ltr'><strong>tamen</strong></span> <span class='ocrx_word' id='word_1_238' title='bbox 1002 2525 1075 2578; x_wconf 86' lang='lat' dir='ltr'><strong>modi</strong></span> <span class='ocrx_word' id='word_1_239' title='bbox 1093 2547 1151 2579; x_wconf 87' lang='lat' dir='ltr'><strong>esse</strong></span> <span class='ocrx_word' id='word_1_240' title='bbox 1164 2528 1267 2580; x_wconf 88' lang='lat' dir='ltr'><strong>debue-</strong></span> 
     </span>
     <span class='ocr_line' id='line_1_28' title="bbox 235 2590 1267 2664; baseline 0.005 -20"><span class='ocrx_word' id='word_1_241' title='bbox 235 2597 290 2644; x_wconf 82' lang='lat' dir='ltr'><strong>rint</strong></span> <span class='ocrx_word' id='word_1_242' title='bbox 316 2611 348 2642; x_wconf 84' lang='lat' dir='ltr'><strong>ex</strong></span> <span class='ocrx_word' id='word_1_243' title='bbox 367 2593 420 2642; x_wconf 87' lang='lat' dir='ltr'><strong>hoc</strong></span> <span class='ocrx_word' id='word_1_244' title='bbox 446 2590 555 2641; x_wconf 83' lang='lat' dir='ltr'><strong>crimine</strong></span> <span class='ocrx_word' id='word_1_245' title='bbox 574 2591 711 2655; x_wconf 87' lang='lat' dir='ltr'><strong>elabendi,</strong></span> <span class='ocrx_word' id='word_1_246' title='bbox 739 2593 837 2660; x_wconf 83' lang='lat' dir='ltr'><strong>insigni</strong></span> <span class='ocrx_word' id='word_1_247' title='bbox 863 2596 982 2661; x_wconf 86' lang='lat' dir='ltr'><strong>exemplo</strong></span> <span class='ocrx_word' id='word_1_248' title='bbox 1006 2596 1085 2648; x_wconf 84' lang='lat' dir='ltr'><strong>docet</strong></span> <span class='ocrx_word' id='word_1_249' title='bbox 1098 2591 1267 2664; x_wconf 73' lang='grc' dir='ltr'><strong><em>Ἀριστοφῶν</em></strong></span> 
     </span>
     <span class='ocr_line' id='line_1_29' title="bbox 175 2651 1265 2735; baseline 0.005 -21"><span class='ocrx_word' id='word_1_250' title='bbox 175 2667 180 2678; x_wconf 95' lang='lat'>&#39;</span> <span class='ocrx_word' id='word_1_251' title='bbox 235 2660 347 2723; x_wconf 70' lang='grc' dir='ltr'><strong><em>ἐκεῖνος,</em></strong></span> <span class='ocrx_word' id='word_1_252' title='bbox 366 2654 381 2712; x_wconf 84' lang='grc' dir='ltr'><strong>ὁ</strong></span> <span class='ocrx_word' id='word_1_253' title='bbox 397 2653 542 2727; x_wconf 71' lang='grc' dir='ltr'><strong><em>Ἀζηνιεύς,</em></strong></span> <span class='ocrx_word' id='word_1_254' title='bbox 557 2651 588 2722; x_wconf 75' lang='grc' dir='ltr'><strong>ὃς</strong></span> <span class='ocrx_word' id='word_1_255' title='bbox 600 2654 781 2726; x_wconf 68' lang='grc' dir='ltr'><strong><em>ἐτόλμαποτὲ</em></strong></span> <span class='ocrx_word' id='word_1_256' title='bbox 795 2658 980 2726; x_wconf 76' lang='grc' dir='ltr'><strong><em>σεμνύνεσθαι</em></strong></span> <span class='ocrx_word' id='word_1_257' title='bbox 996 2660 1125 2730; x_wconf 47' lang='grc' dir='ltr'><strong>λέγοις-ὅ</strong></span> <span class='ocrx_word' id='word_1_258' title='bbox 1131 2684 1167 2727; x_wconf 82' lang='grc' dir='ltr'><strong><em>τι</em></strong></span> <span class='ocrx_word' id='word_1_259' title='bbox 1186 2684 1265 2735; x_wconf 72' lang='grc' dir='ltr'><strong><em>γρα-</em></strong></span> 
     </span>
     <span class='ocr_line' id='line_1_30' title="bbox 220 2725 1267 2799; baseline 0.005 -17"><span class='ocrx_word' id='word_1_260' title='bbox 220 2727 307 2799; x_wconf 75' lang='grc' dir='ltr'><strong><em>’φοὶς</em></strong></span> <span class='ocrx_word' id='word_1_261' title='bbox 330 2725 552 2795; x_wconf 78' lang='grc' dir='ltr'><strong><em>παρανόμων</em></strong></span> <span class='ocrx_word' id='word_1_262' title='bbox 581 2725 763 2799; x_wconf 76' lang='grc' dir='ltr'><strong>πέφευγεν</strong></span> <span class='ocrx_word' id='word_1_263' title='bbox 786 2726 1049 2799; x_wconf 66' lang='grc' dir='ltr'><strong><em>ἑβδομήκοντα</em></strong></span> <span class='ocrx_word' id='word_1_264' title='bbox 1072 2733 1134 2788; x_wconf 76' lang='grc' dir='ltr'><strong>καὶ</strong></span> <span class='ocrx_word' id='word_1_265' title='bbox 1158 2733 1267 2790; x_wconf 77' lang='grc' dir='ltr'><strong><em>πέντε</em></strong></span> 
     </span>
    </p>

    <p class='ocr_par' dir='ltr' id='par_1_21' title="bbox 165 2799 1307 3028">
     <span class='ocr_line' id='line_1_31' title="bbox 165 2799 900 2869; baseline -0.007 -17"><span class='ocrx_word' id='word_1_266' title='bbox 165 2810 172 2820; x_wconf 82' lang='grc'><em>“</em></span> <span class='ocrx_word' id='word_1_267' title='bbox 236 2821 278 2869; x_wconf 89' lang='lat' dir='ltr'><strong>ap.</strong></span> <span class='ocrx_word' id='word_1_268' title='bbox 297 2799 420 2852; x_wconf 81' lang='lat' dir='ltr'><strong>Aeschia.</strong></span> <span class='ocrx_word' id='word_1_269' title='bbox 438 2799 468 2849; x_wconf 89' lang='lat' dir='ltr'><strong>iu</strong></span> <span class='ocrx_word' id='word_1_270' title='bbox 483 2799 600 2866; x_wconf 89' lang='lat' dir='ltr'><strong>Ctesiph.</strong></span> <span class='ocrx_word' id='word_1_271' title='bbox 618 2800 721 2868; x_wconf 77' lang='lat' dir='ltr'><strong>p..459.</strong></span> <span class='ocrx_word' id='word_1_272' title='bbox 738 2802 769 2850; x_wconf 89' lang='lat' dir='ltr'><strong>F.</strong></span> <span class='ocrx_word' id='word_1_273' title='bbox 804 2827 825 2847; x_wconf 29' lang='grc' dir='ltr'><strong>,τ</strong></span> <span class='ocrx_word' id='word_1_274' title='bbox 895 2803 900 2808; x_wconf 89' lang='grc'><em>’</em></span> 
     </span>
     <span class='ocr_line' id='line_1_32' title="bbox 197 2872 1256 2956; baseline 0.004 -16"><span class='ocrx_word' id='word_1_275' title='bbox 197 2884 261 2950; x_wconf 79' lang='lat'>141)</span> <span class='ocrx_word' id='word_1_276' title='bbox 280 2889 334 2936; x_wconf 85' lang='lat' dir='ltr'><strong>Iam</strong></span> <span class='ocrx_word' id='word_1_277' title='bbox 352 2881 447 2951; x_wconf 77' lang='grc' dir='ltr'><strong><em>γραφή</em></strong></span> <span class='ocrx_word' id='word_1_278' title='bbox 464 2872 500 2953; x_wconf 80' lang='grc' dir='ltr'><strong>’ἦν</strong></span> <span class='ocrx_word' id='word_1_279' title='bbox 513 2875 548 2936; x_wconf 77' lang='lat' dir='ltr'><strong>oti</strong></span> <span class='ocrx_word' id='word_1_280' title='bbox 567 2874 639 2936; x_wconf 73' lang='lat' dir='ltr'><strong>nard</strong></span> <span class='ocrx_word' id='word_1_281' title='bbox 653 2884 705 2936; x_wconf 77' lang='lat' dir='ltr'><strong>acsi</strong></span> <span class='ocrx_word' id='word_1_282' title='bbox 719 2879 894 2951; x_wconf 81' lang='grc' dir='ltr'><strong><em>νομοθέτου,</em></strong></span> <span class='ocrx_word' id='word_1_283' title='bbox 914 2881 984 2939; x_wconf 69' lang='lat' dir='ltr'><strong>sut</strong></span> <span class='ocrx_word' id='word_1_284' title='bbox 1008 2885 1082 2943; x_wconf 67' lang='lat' dir='ltr'><strong>navt</strong></span> <span class='ocrx_word' id='word_1_285' title='bbox 1096 2889 1150 2942; x_wconf 74' lang='lat' dir='ltr'><strong>rosi</strong></span> <span class='ocrx_word' id='word_1_286' title='bbox 1166 2885 1256 2956; x_wconf 82' lang='grc' dir='ltr'><strong><em>νόμον</em></strong></span> 
     </span>
     <span class='ocr_line' id='line_1_33' title="bbox 234 2931 1307 3028; baseline 0.008 -23"><span class='ocrx_word' id='word_1_287' title='bbox 234 2973 295 3017; x_wconf 87' lang='lat' dir='ltr'><strong>seu,</strong></span> <span class='ocrx_word' id='word_1_288' title='bbox 315 2964 346 3003; x_wconf 90' lang='lat' dir='ltr'><strong>ut</strong></span> <span class='ocrx_word' id='word_1_289' title='bbox 365 2963 456 3004; x_wconf 84' lang='lat' dir='ltr'><strong>uester</strong></span> <span class='ocrx_word' id='word_1_290' title='bbox 473 2953 511 3002; x_wconf 89' lang='lat' dir='ltr'><strong>ait</strong></span> <span class='ocrx_word' id='word_1_291' title='bbox 529 2970 556 3019; x_wconf 90' lang='lat' dir='ltr'><strong>p.</strong></span> <span class='ocrx_word' id='word_1_292' title='bbox 575 2950 645 3017; x_wconf 65' lang='lat'><strong>501„</strong></span> <span class='ocrx_word' id='word_1_293' title='bbox 662 2951 724 3018; x_wconf 70' lang='lat' dir='ltr'><strong>usal</strong></span> <span class='ocrx_word' id='word_1_294' title='bbox 744 2954 796 3006; x_wconf 78' lang='lat' dir='ltr'><strong>voti</strong></span> <span class='ocrx_word' id='word_1_295' title='bbox 808 2949 898 3020; x_wconf 83' lang='grc' dir='ltr'><strong><em>νόμον</em></strong></span> <span class='ocrx_word' id='word_1_296' title='bbox 913 2955 970 3016; x_wconf 82' lang='grc' dir='ltr'><strong>πᾶς</strong></span> <span class='ocrx_word' id='word_1_297' title='bbox 988 2946 1159 3027; x_wconf 74' lang='grc' dir='ltr'><strong><em>ἦνὸλόγος,</em></strong></span> <span class='ocrx_word' id='word_1_298' title='bbox 1176 2961 1216 3028; x_wconf 78' lang='grc' dir='ltr'><strong><em>τῷ</em></strong></span> <span class='ocrx_word' id='word_1_299' title='bbox 1233 2931 1265 3013; x_wconf 75' lang='lat' dir='ltr'><strong>tl</strong></span> <span class='ocrx_word' id='word_1_300' title='bbox 1301 3010 1307 3018; x_wconf 73' lang='grc'>,</span> 
     </span>
    </p>
   </div>
   <div class='ocr_carea' id='block_1_21' title="bbox 146 3014 1178 3100">
    <p class='ocr_par' dir='ltr' id='par_1_22' title="bbox 146 3014 1178 3100">
     <span class='ocr_line' id='line_1_34' title="bbox 146 3014 1178 3100; baseline 0.003 -25"><span class='ocrx_word' id='word_1_301' title='bbox 146 3036 149 3054; x_wconf 91' lang='grc'><em>·</em></span> <span class='ocrx_word' id='word_1_302' title='bbox 234 3017 375 3093; x_wconf 75' lang='grc' dir='ltr'><strong><em>νομοθέτῃ</em></strong></span> <span class='ocrx_word' id='word_1_303' title='bbox 388 3014 482 3080; x_wconf 70' lang='grc' dir='ltr'><strong><em>οὐδεὶς</em></strong></span> <span class='ocrx_word' id='word_1_304' title='bbox 495 3019 738 3100; x_wconf 19' lang='lat' dir='ltr'><strong>niedseor-‚Ucasi</strong></span> <span class='ocrx_word' id='word_1_305' title='bbox 756 3031 861 3091; x_wconf 82' lang='lat' dir='ltr'><strong>Argum.</strong></span> <span class='ocrx_word' id='word_1_306' title='bbox 876 3043 966 3092; x_wconf 80' lang='lat' dir='ltr'><strong>graec.</strong></span> <span class='ocrx_word' id='word_1_307' title='bbox 986 3031 1098 3078; x_wconf 72' lang='lat' dir='ltr'><strong>Orat.l</strong></span> <span class='ocrx_word' id='word_1_308' title='bbox 1173 3045 1178 3052; x_wconf 86' lang='lat'>·</span> 
     </span>
    </p>
   </div>
   <div class='ocr_carea' id='block_1_22' title="bbox 155 3099 1197 3188">
    <p class='ocr_par' dir='ltr' id='par_1_23' title="bbox 155 3099 1197 3188">
     <span class='ocr_line' id='line_1_35' title="bbox 155 3099 1197 3188; baseline 0.014 -35"><span class='ocrx_word' id='word_1_309' title='bbox 155 3147 164 3153; x_wconf 93' lang='lat'><strong>.</strong></span> <span class='ocrx_word' id='word_1_310' title='bbox 201 3108 262 3172; x_wconf 72' lang='lat'><strong>142)</strong></span> <span class='ocrx_word' id='word_1_311' title='bbox 281 3107 460 3174; x_wconf 72' lang='lat' dir='ltr'><strong>comparanda</strong></span> <span class='ocrx_word' id='word_1_312' title='bbox 471 3106 540 3170; x_wconf 82' lang='lat' dir='ltr'><strong>benc</strong></span> <span class='ocrx_word' id='word_1_313' title='bbox 554 3107 588 3158; x_wconf 94' lang='lat' dir='ltr'><strong>ob</strong></span> <span class='ocrx_word' id='word_1_314' title='bbox 603 3099 722 3181; x_wconf 80' lang='lat' dir='ltr'><strong>caussam</strong></span> <span class='ocrx_word' id='word_1_315' title='bbox 729 3109 854 3163; x_wconf 80' lang='lat' dir='ltr'><strong>‚studioso</strong></span> <span class='ocrx_word' id='word_1_316' title='bbox 867 3119 908 3160; x_wconf 88' lang='lat' dir='ltr'><strong>est</strong></span> <span class='ocrx_word' id='word_1_317' title='bbox 927 3114 1000 3161; x_wconf 84' lang='lat' dir='ltr'><strong>Orat.</strong></span> <span class='ocrx_word' id='word_1_318' title='bbox 1013 3110 1042 3163; x_wconf 89' lang='lat' dir='ltr'><strong>iu</strong></span> <span class='ocrx_word' id='word_1_319' title='bbox 1054 3115 1197 3188; x_wconf 76' lang='lat' dir='ltr'><strong>Timocrat-</strong></span> 
     </span>
    </p>
   </div>
   <div class='ocr_carea' id='block_1_23' title="bbox 70 3191 1356 3330">
    <p class='ocr_par' dir='ltr' id='par_1_24' title="bbox 70 3191 1356 3330">
     <span class='ocr_line' id='line_1_36' title="bbox 200 3191 1356 3267; baseline 0.008 -23"><span class='ocrx_word' id='word_1_320' title='bbox 200 3191 262 3257; x_wconf 73' lang='lat' dir='ltr'>IIS)</span> <span class='ocrx_word' id='word_1_321' title='bbox 281 3197 350 3243; x_wconf 82' lang='lat' dir='ltr'><strong>Ante</strong></span> <span class='ocrx_word' id='word_1_322' title='bbox 368 3192 487 3243; x_wconf 84' lang='lat' dir='ltr'><strong>dicebam</strong></span> <span class='ocrx_word' id='word_1_323' title='bbox 501 3192 643 3256; x_wconf 56' lang='lat' dir='ltr'><strong>‘universa</strong></span> <span class='ocrx_word' id='word_1_324' title='bbox 661 3195 808 3245; x_wconf 83' lang='lat' dir='ltr'><strong>Archontes</strong></span> <span class='ocrx_word' id='word_1_325' title='bbox 825 3196 930 3247; x_wconf 88' lang='lat' dir='ltr'><strong>nomina</strong></span> <span class='ocrx_word' id='word_1_326' title='bbox 951 3200 1082 3264; x_wconf 82' lang='lat' dir='ltr'><strong>recepisse</strong></span> <span class='ocrx_word' id='word_1_327' title='bbox 1098 3201 1128 3267; x_wconf 77' lang='lat' dir='ltr'><strong>iq</strong></span> <span class='ocrx_word' id='word_1_328' title='bbox 1142 3200 1265 3266; x_wconf 67' lang='lat' dir='ltr'><strong>ponposia</strong></span> <span class='ocrx_word' id='word_1_329' title='bbox 1346 3212 1356 3264; x_wconf 71' lang='lat'><strong>‚¹</strong></span> 
     </span>
     <span class='ocr_line' id='line_1_37' title="bbox 70 3256 1356 3330; baseline 0.005 -18"><span class='ocrx_word' id='word_1_330' title='bbox 70 3256 81 3264; x_wconf 76' lang='grc'><strong>’</strong></span> <span class='ocrx_word' id='word_1_331' title='bbox 138 3264 151 3280; x_wconf 67' lang='lat'><strong>⁹</strong></span> <span class='ocrx_word' id='word_1_332' title='bbox 233 3257 428 3327; x_wconf 68' lang='lat' dir='ltr'><strong>nuperrimos„</strong></span> <span class='ocrx_word' id='word_1_333' title='bbox 439 3279 509 3312; x_wconf 88' lang='lat' dir='ltr'><strong>nunc</strong></span> <span class='ocrx_word' id='word_1_334' title='bbox 529 3279 562 3312; x_wconf 79' lang='lat' dir='ltr'><strong>ex</strong></span> <span class='ocrx_word' id='word_1_335' title='bbox 580 3267 652 3313; x_wconf 85' lang='lat' dir='ltr'><strong>Orat.</strong></span> <span class='ocrx_word' id='word_1_336' title='bbox 670 3282 696 3330; x_wconf 91' lang='lat' dir='ltr'><strong>p.</strong></span> <span class='ocrx_word' id='word_1_337' title='bbox 714 3261 774 3314; x_wconf 79' lang='lat'><strong>487.</strong></span> <span class='ocrx_word' id='word_1_338' title='bbox 792 3265 865 3314; x_wconf 89' lang='lat' dir='ltr'><strong>solos</strong></span> <span class='ocrx_word' id='word_1_339' title='bbox 883 3264 938 3314; x_wconf 76' lang='lat' dir='ltr'><strong>dut</strong></span> <span class='ocrx_word' id='word_1_340' title='bbox 958 3267 1170 3319; x_wconf 80' lang='lat' dir='ltr'><strong>Thesmothetas.</strong></span> <span class='ocrx_word' id='word_1_341' title='bbox 1195 3270 1264 3320; x_wconf 87' lang='lat' dir='ltr'><strong>IIIad</strong></span> <span class='ocrx_word' id='word_1_342' title='bbox 1350 3303 1356 3309; x_wconf 80' lang='lat'>—</span> 
     </span>
    </p>
   </div>
   <div class='ocr_carea' id='block_1_24' title="bbox 172 3327 1309 3743">
    <p class='ocr_par' dir='ltr' id='par_1_25' title="bbox 172 3327 1309 3743">
     <span class='ocr_line' id='line_1_38' title="bbox 235 3327 1262 3400; baseline 0.008 -20"><span class='ocrx_word' id='word_1_343' title='bbox 235 3333 330 3382; x_wconf 81' lang='lat' dir='ltr'><strong>suadet</strong></span> <span class='ocrx_word' id='word_1_344' title='bbox 347 3330 484 3381; x_wconf 82' lang='lat' dir='ltr'><strong>Aeschinis</strong></span> <span class='ocrx_word' id='word_1_345' title='bbox 502 3328 597 3395; x_wconf 71' lang='grc' dir='ltr'><strong><em>γραφὴ</em></strong></span> <span class='ocrx_word' id='word_1_346' title='bbox 615 3327 688 3381; x_wconf 71' lang='lat' dir='ltr'><strong>nasei</strong></span> <span class='ocrx_word' id='word_1_347' title='bbox 709 3332 911 3400; x_wconf 63' lang='grc' dir='ltr'><strong><em>Κτησιφῶντος</em></strong></span> <span class='ocrx_word' id='word_1_348' title='bbox 930 3350 972 3400; x_wconf 88' lang='lat' dir='ltr'><strong>ap.</strong></span> <span class='ocrx_word' id='word_1_349' title='bbox 993 3336 1129 3395; x_wconf 80' lang='lat' dir='ltr'><strong>Demosth.</strong></span> <span class='ocrx_word' id='word_1_350' title='bbox 1146 3338 1181 3388; x_wconf 78' lang='lat' dir='ltr'><strong>sle</strong></span> <span class='ocrx_word' id='word_1_351' title='bbox 1202 3338 1262 3388; x_wconf 87' lang='lat' dir='ltr'><strong>Gor.</strong></span> 
     </span>
     <span class='ocr_line' id='line_1_39' title="bbox 190 3396 1309 3472; baseline 0.003 -23"><span class='ocrx_word' id='word_1_352' title='bbox 190 3444 192 3449; x_wconf 94' lang='lat'><strong>.</strong></span> <span class='ocrx_word' id='word_1_353' title='bbox 226 3418 263 3464; x_wconf 88' lang='lat' dir='ltr'><strong>p.</strong></span> <span class='ocrx_word' id='word_1_354' title='bbox 281 3396 342 3449; x_wconf 75' lang='lat'><strong>481.</strong></span> <span class='ocrx_word' id='word_1_355' title='bbox 368 3401 405 3457; x_wconf 70' lang='lat' dir='ltr'><strong>G..</strong></span> <span class='ocrx_word' id='word_1_356' title='bbox 429 3398 481 3445; x_wconf 89' lang='lat' dir='ltr'><strong>hoc</strong></span> <span class='ocrx_word' id='word_1_357' title='bbox 500 3409 605 3463; x_wconf 85' lang='lat' dir='ltr'><strong>praeter</strong></span> <span class='ocrx_word' id='word_1_358' title='bbox 621 3398 700 3448; x_wconf 87' lang='lat' dir='ltr'><strong>istum</strong></span> <span class='ocrx_word' id='word_1_359' title='bbox 719 3401 807 3449; x_wconf 89' lang='lat' dir='ltr'><strong>locam</strong></span> <span class='ocrx_word' id='word_1_360' title='bbox 829 3403 942 3467; x_wconf 85' lang='lat' dir='ltr'><strong>scriptor</strong></span> <span class='ocrx_word' id='word_1_361' title='bbox 965 3407 1008 3452; x_wconf 87' lang='lat' dir='ltr'><strong>Or.</strong></span> <span class='ocrx_word' id='word_1_362' title='bbox 1026 3407 1058 3454; x_wconf 89' lang='lat' dir='ltr'><strong>ii.</strong></span> <span class='ocrx_word' id='word_1_363' title='bbox 1080 3407 1106 3454; x_wconf 88' lang='lat' dir='ltr'><strong>in</strong></span> <span class='ocrx_word' id='word_1_364' title='bbox 1125 3408 1262 3472; x_wconf 80' lang='lat' dir='ltr'><strong>Aristogit.</strong></span> <span class='ocrx_word' id='word_1_365' title='bbox 1305 3446 1309 3452; x_wconf 88' lang='grc'><em>,</em></span> 
     </span>
     <span class='ocr_line' id='line_1_40' title="bbox 235 3455 1290 3543; baseline 0.009 -26"><span class='ocrx_word' id='word_1_366' title='bbox 235 3485 261 3533; x_wconf 90' lang='lat' dir='ltr'><strong>p.</strong></span> <span class='ocrx_word' id='word_1_367' title='bbox 279 3464 338 3518; x_wconf 75' lang='lat'><strong>845.</strong></span> <span class='ocrx_word' id='word_1_368' title='bbox 357 3468 387 3514; x_wconf 88' lang='lat' dir='ltr'><strong>E.</strong></span> <span class='ocrx_word' id='word_1_369' title='bbox 403 3455 495 3516; x_wconf 84' lang='grc' dir='ltr'><strong><em>Ὅταν</em></strong></span> <span class='ocrx_word' id='word_1_370' title='bbox 513 3463 556 3524; x_wconf 74' lang='grc' dir='ltr'><strong><em>τὶς</em></strong></span> <span class='ocrx_word' id='word_1_371' title='bbox 574 3467 755 3531; x_wconf 81' lang='grc' dir='ltr'><strong><em>ψηφίσματος</em></strong></span> <span class='ocrx_word' id='word_1_372' title='bbox 773 3458 893 3535; x_wconf 74' lang='grc' dir='ltr'><strong><em>ἢνόμου</em></strong></span> <span class='ocrx_word' id='word_1_373' title='bbox 912 3467 1027 3538; x_wconf 76' lang='grc' dir='ltr'><strong><em>γραφὴν</em></strong></span> <span class='ocrx_word' id='word_1_374' title='bbox 1044 3467 1177 3543; x_wconf 71' lang='grc' dir='ltr'><strong><em>ἀπενέγκῃ</em></strong></span> <span class='ocrx_word' id='word_1_375' title='bbox 1192 3471 1264 3539; x_wconf 76' lang='grc' dir='ltr'><strong><em>πρὸς</em></strong></span> <span class='ocrx_word' id='word_1_376' title='bbox 1287 3514 1290 3519; x_wconf 84' lang='grc'><em>.</em></span> 
     </span>
     <span class='ocr_line' id='line_1_41' title="bbox 172 3528 1303 3599; baseline 0.011 -14"><span class='ocrx_word' id='word_1_377' title='bbox 172 3561 176 3567; x_wconf 87' lang='grc'><strong><em>·</em></strong></span> <span class='ocrx_word' id='word_1_378' title='bbox 234 3530 304 3594; x_wconf 71' lang='grc' dir='ltr'><strong><em>τοὺς</em></strong></span> <span class='ocrx_word' id='word_1_379' title='bbox 320 3528 538 3599; x_wconf 62' lang='lat' dir='ltr'><strong>&amp;repudiantes</strong></span> <span class='ocrx_word' id='word_1_380' title='bbox 556 3536 622 3586; x_wconf 69' lang='lat' dir='ltr'><strong>mi..</strong></span> <span class='ocrx_word' id='word_1_381' title='bbox 658 3537 760 3598; x_wconf 90' lang='lat' dir='ltr'><strong>Quodsi</strong></span> <span class='ocrx_word' id='word_1_382' title='bbox 773 3555 832 3588; x_wconf 86' lang='lat' dir='ltr'><strong>rem·</strong></span> <span class='ocrx_word' id='word_1_383' title='bbox 845 3558 877 3588; x_wconf 82' lang='lat' dir='ltr'><strong>ex</strong></span> <span class='ocrx_word' id='word_1_384' title='bbox 895 3551 984 3591; x_wconf 86' lang='lat' dir='ltr'><strong>cetero</strong></span> <span class='ocrx_word' id='word_1_385' title='bbox 998 3543 1091 3592; x_wconf 86' lang='lat' dir='ltr'><strong>ordine</strong></span> <span class='ocrx_word' id='word_1_386' title='bbox 1105 3544 1263 3596; x_wconf 87' lang='lat' dir='ltr'><strong>iudiciorum</strong></span> <span class='ocrx_word' id='word_1_387' title='bbox 1294 3565 1303 3599; x_wconf 68' lang='lat' dir='ltr'><em>s</em></span> 
     </span>
     <span class='ocr_line' id='line_1_42' title="bbox 236 3603 1263 3673; baseline 0.008 -19"><span class='ocrx_word' id='word_1_388' title='bbox 236 3605 382 3665; x_wconf 80' lang='lat' dir='ltr'><strong>existimes,</strong></span> <span class='ocrx_word' id='word_1_389' title='bbox 399 3603 577 3654; x_wconf 81' lang='lat' dir='ltr'><strong>Archontibas</strong></span> <span class='ocrx_word' id='word_1_390' title='bbox 589 3605 648 3655; x_wconf 87' lang='lat' dir='ltr'><strong>aliis</strong></span> <span class='ocrx_word' id='word_1_391' title='bbox 661 3606 712 3654; x_wconf 89' lang='lat' dir='ltr'><strong>aIia</strong></span> <span class='ocrx_word' id='word_1_392' title='bbox 727 3623 822 3671; x_wconf 76' lang='lat' dir='ltr'><strong>genera</strong></span> <span class='ocrx_word' id='word_1_393' title='bbox 839 3604 1010 3673; x_wconf 79' lang='grc' dir='ltr'><strong><em>παρανόμων</em></strong></span> <span class='ocrx_word' id='word_1_394' title='bbox 1024 3612 1123 3662; x_wconf 83' lang='lat' dir='ltr'><strong>tributa</strong></span> <span class='ocrx_word' id='word_1_395' title='bbox 1138 3612 1263 3664; x_wconf 88' lang='lat' dir='ltr'><strong>coniece-</strong></span> 
     </span>
     <span class='ocr_line' id='line_1_43' title="bbox 236 3673 1262 3743; baseline 0.013 -24"><span class='ocrx_word' id='word_1_396' title='bbox 236 3673 282 3738; x_wconf 51' lang='grc' dir='ltr'><strong>τῇ.</strong></span> <span class='ocrx_word' id='word_1_397' title='bbox 315 3674 383 3724; x_wconf 84' lang='lat' dir='ltr'><strong>Nam</strong></span> <span class='ocrx_word' id='word_1_398' title='bbox 402 3690 433 3720; x_wconf 87' lang='lat' dir='ltr'><strong>ex</strong></span> <span class='ocrx_word' id='word_1_399' title='bbox 447 3673 560 3723; x_wconf 90' lang='lat' dir='ltr'><strong>nomine·</strong></span> <span class='ocrx_word' id='word_1_400' title='bbox 572 3674 817 3724; x_wconf 77' lang='lat' dir='ltr'><strong>Yhesnwtlaetorum</strong></span> <span class='ocrx_word' id='word_1_401' title='bbox 836 3687 862 3726; x_wconf 85' lang='lat' dir='ltr'><strong>et</strong></span> <span class='ocrx_word' id='word_1_402' title='bbox 878 3678 962 3743; x_wconf 87' lang='lat' dir='ltr'><strong>prima</strong></span> <span class='ocrx_word' id='word_1_403' title='bbox 983 3679 1151 3731; x_wconf 87' lang='lat' dir='ltr'><strong>institutione</strong></span> <span class='ocrx_word' id='word_1_404' title='bbox 1161 3680 1262 3742; x_wconf 78' lang='lat' dir='ltr'><strong>eorum,</strong></span> 
     </span>
    </p>
   </div>
   <div class='ocr_carea' id='block_1_25' title="bbox 17 3707 1305 3814">
    <p class='ocr_par' dir='ltr' id='par_1_26' title="bbox 17 3707 1305 3814">
     <span class='ocr_line' id='line_1_44' title="bbox 17 3707 1305 3814; baseline 0.01 -26"><span class='ocrx_word' id='word_1_405' title='bbox 17 3707 51 3730; x_wconf 16' lang='grc' dir='ltr'><strong>γ’</strong></span> <span class='ocrx_word' id='word_1_406' title='bbox 130 3740 144 3783; x_wconf 84' lang='grc'><strong>’.</strong></span> <span class='ocrx_word' id='word_1_407' title='bbox 237 3760 269 3791; x_wconf 85' lang='lat' dir='ltr'><strong>cx</strong></span> <span class='ocrx_word' id='word_1_408' title='bbox 285 3758 337 3808; x_wconf 89' lang='lat' dir='ltr'><strong>qno</strong></span> <span class='ocrx_word' id='word_1_409' title='bbox 349 3741 472 3790; x_wconf 85' lang='lat' dir='ltr'><strong>dieantur</strong></span> <span class='ocrx_word' id='word_1_410' title='bbox 484 3759 510 3807; x_wconf 93' lang='lat' dir='ltr'><strong>p.</strong></span> <span class='ocrx_word' id='word_1_411' title='bbox 528 3739 589 3794; x_wconf 73' lang='grc'><strong>484.</strong></span> <span class='ocrx_word' id='word_1_412' title='bbox 608 3743 713 3793; x_wconf 86' lang='lat' dir='ltr'><strong>etalibi</strong></span> <span class='ocrx_word' id='word_1_413' title='bbox 726 3740 770 3794; x_wconf 70' lang='lat' dir='ltr'><strong>tat</strong></span> <span class='ocrx_word' id='word_1_414' title='bbox 783 3739 850 3804; x_wconf 74' lang='grc' dir='ltr'><strong><em>τοὺς</em></strong></span> <span class='ocrx_word' id='word_1_415' title='bbox 866 3740 974 3810; x_wconf 85' lang='grc' dir='ltr'><strong><em>νόμους</em></strong></span> <span class='ocrx_word' id='word_1_416' title='bbox 986 3743 1177 3814; x_wconf 72' lang='grc' dir='ltr'><strong><em>κληρούμενοι,</em></strong></span> <span class='ocrx_word' id='word_1_417' title='bbox 1194 3751 1305 3800; x_wconf 78' lang='lat' dir='ltr'><strong>nihii·</strong></span> 
     </span>
    </p>
   </div>
   <div class='ocr_carea' id='block_1_26' title="bbox 235 3809 1318 4360">
    <p class='ocr_par' dir='ltr' id='par_1_27' title="bbox 235 3809 1318 4360">
     <span class='ocr_line' id='line_1_45' title="bbox 238 3809 1318 3879; baseline 0.006 -18"><span class='ocrx_word' id='word_1_418' title='bbox 238 3811 303 3862; x_wconf 86' lang='lat' dir='ltr'><strong>certi</strong></span> <span class='ocrx_word' id='word_1_419' title='bbox 324 3809 415 3875; x_wconf 80' lang='lat' dir='ltr'><strong>colligi</strong></span> <span class='ocrx_word' id='word_1_420' title='bbox 432 3819 529 3876; x_wconf 85' lang='lat' dir='ltr'><strong>potest.</strong></span> <span class='ocrx_word' id='word_1_421' title='bbox 564 3811 615 3860; x_wconf 86' lang='lat' dir='ltr'><strong>Sed</strong></span> <span class='ocrx_word' id='word_1_422' title='bbox 633 3813 704 3878; x_wconf 91' lang='lat' dir='ltr'><strong>quod</strong></span> <span class='ocrx_word' id='word_1_423' title='bbox 720 3813 789 3878; x_wconf 90' lang='lat' dir='ltr'><strong>apud</strong></span> <span class='ocrx_word' id='word_1_424' title='bbox 812 3832 858 3864; x_wconf 89' lang='lat' dir='ltr'><strong>eos</strong></span> <span class='ocrx_word' id='word_1_425' title='bbox 878 3815 935 3865; x_wconf 86' lang='lat' dir='ltr'><strong>fieri</strong></span> <span class='ocrx_word' id='word_1_426' title='bbox 951 3817 1068 3879; x_wconf 86' lang='lat' dir='ltr'><strong>solebat,</strong></span> <span class='ocrx_word' id='word_1_427' title='bbox 1087 3829 1143 3868; x_wconf 88' lang='lat' dir='ltr'><strong>erat</strong></span> <span class='ocrx_word' id='word_1_428' title='bbox 1158 3828 1265 3869; x_wconf 87' lang='lat' dir='ltr'><strong>tantam</strong></span> <span class='ocrx_word' id='word_1_429' title='bbox 1310 3822 1318 3840; x_wconf 80' lang='lat'><strong><em>¹</em></strong></span> 
     </span>
     <span class='ocr_line' id='line_1_46' title="bbox 237 3879 1262 3953; baseline 0.009 -26"><span class='ocrx_word' id='word_1_430' title='bbox 237 3879 363 3947; x_wconf 82' lang='lat' dir='ltr'><strong>quaedam</strong></span> <span class='ocrx_word' id='word_1_431' title='bbox 379 3879 544 3946; x_wconf 70' lang='lat' dir='ltr'><strong>postulatio.</strong></span> <span class='ocrx_word' id='word_1_432' title='bbox 562 3881 687 3930; x_wconf 71' lang='lat' dir='ltr'><strong>nt&#39;verbo</strong></span> <span class='ocrx_word' id='word_1_433' title='bbox 706 3881 757 3930; x_wconf 85' lang='lat' dir='ltr'><strong>Iori</strong></span> <span class='ocrx_word' id='word_1_434' title='bbox 778 3884 888 3933; x_wconf 82' lang='lat' dir='ltr'><strong>Romani</strong></span> <span class='ocrx_word' id='word_1_435' title='bbox 909 3894 973 3934; x_wconf 72' lang='lat' dir='ltr'><strong>titur.</strong></span> <span class='ocrx_word' id='word_1_436' title='bbox 1011 3887 1174 3953; x_wconf 79' lang='lat' dir='ltr'><strong>Sequebatur</strong></span> <span class='ocrx_word' id='word_1_437' title='bbox 1191 3887 1262 3953; x_wconf 85' lang='lat' dir='ltr'><strong>apud</strong></span> 
     </span>
     <span class='ocr_line' id='line_1_47' title="bbox 236 3941 1261 4016; baseline 0.006 -18"><span class='ocrx_word' id='word_1_438' title='bbox 236 3949 342 3998; x_wconf 85' lang='lat' dir='ltr'><strong>eosdem</strong></span> <span class='ocrx_word' id='word_1_439' title='bbox 352 3946 497 3997; x_wconf 85' lang='lat' dir='ltr'><strong>domestica</strong></span> <span class='ocrx_word' id='word_1_440' title='bbox 511 3941 655 4011; x_wconf 76' lang='grc' dir='ltr'><strong><em>ἀνάκρισις</em></strong></span> <span class='ocrx_word' id='word_1_441' title='bbox 669 3968 715 3999; x_wconf 80' lang='grc' dir='ltr'><strong>σεο</strong></span> <span class='ocrx_word' id='word_1_442' title='bbox 729 3946 875 4016; x_wconf 79' lang='grc' dir='ltr'><strong><em>προαγών,</em></strong></span> <span class='ocrx_word' id='word_1_443' title='bbox 895 3962 924 4001; x_wconf 88' lang='lat' dir='ltr'><strong>at</strong></span> <span class='ocrx_word' id='word_1_444' title='bbox 937 3953 996 4003; x_wconf 84' lang='lat' dir='ltr'><strong>aliis</strong></span> <span class='ocrx_word' id='word_1_445' title='bbox 1010 3954 1038 4003; x_wconf 88' lang='lat' dir='ltr'><strong>in</strong></span> <span class='ocrx_word' id='word_1_446' title='bbox 1053 3957 1161 4005; x_wconf 85' lang='lat' dir='ltr'><strong>caussis.</strong></span> <span class='ocrx_word' id='word_1_447' title='bbox 1194 3955 1261 4006; x_wconf 76' lang='lat' dir='ltr'><strong>&#39;l‘um</strong></span> 
     </span>
     <span class='ocr_line' id='line_1_48' title="bbox 235 4011 1261 4090; baseline 0.01 -27"><span class='ocrx_word' id='word_1_448' title='bbox 235 4015 316 4066; x_wconf 79' lang='lat' dir='ltr'><strong>iidem</strong></span> <span class='ocrx_word' id='word_1_449' title='bbox 337 4015 444 4083; x_wconf 78' lang='grc' dir='ltr'><strong><em>εἰςῆγον</em></strong></span> <span class='ocrx_word' id='word_1_450' title='bbox 461 4011 512 4074; x_wconf 77' lang='grc' dir='ltr'><strong><em>τὰς</em></strong></span> <span class='ocrx_word' id='word_1_451' title='bbox 526 4016 582 4068; x_wconf 79' lang='grc' dir='ltr'><strong><em>τῶν</em></strong></span> <span class='ocrx_word' id='word_1_452' title='bbox 597 4014 768 4082; x_wconf 82' lang='grc' dir='ltr'><strong><em>παρανόμων</em></strong></span> <span class='ocrx_word' id='word_1_453' title='bbox 780 4017 891 4086; x_wconf 72' lang='grc' dir='ltr'><strong><em>γραφὰς</em></strong></span> <span class='ocrx_word' id='word_1_454' title='bbox 904 4020 945 4080; x_wconf 81' lang='grc' dir='ltr'><strong>εἰς</strong></span> <span class='ocrx_word' id='word_1_455' title='bbox 962 4019 995 4073; x_wconf 69' lang='lat' dir='ltr'><strong>ee*</strong></span> <span class='ocrx_word' id='word_1_456' title='bbox 1014 4019 1202 4090; x_wconf 78' lang='grc' dir='ltr'><strong><em>δικαστήριον,</em></strong></span> <span class='ocrx_word' id='word_1_457' title='bbox 1222 4026 1261 4074; x_wconf 87' lang='lat' dir='ltr'><strong>uti</strong></span> 
     </span>
     <span class='ocr_line' id='line_1_49' title="bbox 237 4083 1260 4159; baseline 0.011 -28"><span class='ocrx_word' id='word_1_458' title='bbox 237 4083 304 4134; x_wconf 87' lang='lat' dir='ltr'><strong>bene</strong></span> <span class='ocrx_word' id='word_1_459' title='bbox 321 4083 417 4135; x_wconf 87' lang='lat' dir='ltr'><strong>Pollux</strong></span> <span class='ocrx_word' id='word_1_460' title='bbox 430 4087 500 4145; x_wconf 87' lang='lat' dir='ltr'>VIII,</span> <span class='ocrx_word' id='word_1_461' title='bbox 519 4086 560 4138; x_wconf 80' lang='lat'><strong>87.</strong></span> <span class='ocrx_word' id='word_1_462' title='bbox 577 4097 603 4136; x_wconf 89' lang='lat' dir='ltr'><strong>et</strong></span> <span class='ocrx_word' id='word_1_463' title='bbox 617 4088 723 4154; x_wconf 81' lang='lat' dir='ltr'><strong>Ulpiae.</strong></span> <span class='ocrx_word' id='word_1_464' title='bbox 742 4090 818 4156; x_wconf 88' lang='lat' dir='ltr'><strong>adp.</strong></span> <span class='ocrx_word' id='word_1_465' title='bbox 835 4090 895 4141; x_wconf 75' lang='lat'><strong>487.</strong></span> <span class='ocrx_word' id='word_1_466' title='bbox 916 4092 954 4139; x_wconf 87' lang='lat' dir='ltr'><strong>Ex</strong></span> <span class='ocrx_word' id='word_1_467' title='bbox 968 4092 1009 4142; x_wconf 90' lang='lat' dir='ltr'><strong>his</strong></span> <span class='ocrx_word' id='word_1_468' title='bbox 1020 4106 1139 4159; x_wconf 85' lang='lat' dir='ltr'><strong>apparet,</strong></span> <span class='ocrx_word' id='word_1_469' title='bbox 1158 4094 1260 4159; x_wconf 87' lang='lat' dir='ltr'><strong>opinor,</strong></span> 
     </span>
     <span class='ocr_line' id='line_1_50' title="bbox 237 4144 1261 4227; baseline 0.011 -27"><span class='ocrx_word' id='word_1_470' title='bbox 237 4168 289 4218; x_wconf 91' lang='lat' dir='ltr'><strong>quo</strong></span> <span class='ocrx_word' id='word_1_471' title='bbox 311 4153 389 4203; x_wconf 88' lang='lat' dir='ltr'><strong>modo</strong></span> <span class='ocrx_word' id='word_1_472' title='bbox 408 4153 460 4203; x_wconf 88' lang='lat' dir='ltr'><strong>iam</strong></span> <span class='ocrx_word' id='word_1_473' title='bbox 477 4164 538 4204; x_wconf 87' lang='lat' dir='ltr'><strong>ante</strong></span> <span class='ocrx_word' id='word_1_474' title='bbox 552 4155 620 4204; x_wconf 89' lang='lat' dir='ltr'><strong>hanc</strong></span> <span class='ocrx_word' id='word_1_475' title='bbox 630 4144 764 4207; x_wconf 78' lang='lat' dir='ltr'><strong>&#39;actionem</strong></span> <span class='ocrx_word' id='word_1_476' title='bbox 781 4160 907 4224; x_wconf 86' lang='lat' dir='ltr'><strong>Leptines</strong></span> <span class='ocrx_word' id='word_1_477' title='bbox 925 4158 1025 4226; x_wconf 86' lang='lat' dir='ltr'><strong>aliquid</strong></span> <span class='ocrx_word' id='word_1_478' title='bbox 1039 4161 1129 4212; x_wconf 85' lang='lat' dir='ltr'><strong>dicere</strong></span> <span class='ocrx_word' id='word_1_479' title='bbox 1143 4162 1261 4227; x_wconf 79' lang='lat' dir='ltr'><strong>pottterit</strong></span> 
     </span>
     <span class='ocr_line' id='line_1_51' title="bbox 236 4215 1272 4294; baseline 0.011 -24"><span class='ocrx_word' id='word_1_480' title='bbox 236 4219 308 4286; x_wconf 84' lang='lat' dir='ltr'><strong>apud</strong></span> <span class='ocrx_word' id='word_1_481' title='bbox 322 4222 538 4272; x_wconf 75' lang='lat' dir='ltr'><strong>Thermuthetas:</strong></span> <span class='ocrx_word' id='word_1_482' title='bbox 554 4215 573 4272; x_wconf 73' lang='grc' dir='ltr'><em>ἃ</em></span> <span class='ocrx_word' id='word_1_483' title='bbox 592 4219 623 4274; x_wconf 77' lang='lat' dir='ltr'><strong>ot</strong></span> <span class='ocrx_word' id='word_1_484' title='bbox 641 4219 711 4288; x_wconf 75' lang='grc' dir='ltr'><strong><em>πρὸς</em></strong></span> <span class='ocrx_word' id='word_1_485' title='bbox 723 4227 783 4285; x_wconf 81' lang='grc' dir='ltr'><strong><em>τοῖς</em></strong></span> <span class='ocrx_word' id='word_1_486' title='bbox 794 4221 981 4292; x_wconf 76' lang='grc' dir='ltr'><strong><em>θεσμοθέταις</em></strong></span> <span class='ocrx_word' id='word_1_487' title='bbox 995 4223 1077 4294; x_wconf 68' lang='grc' dir='ltr'><strong><em>ἔλεγε,</em></strong></span> <span class='ocrx_word' id='word_1_488' title='bbox 1094 4223 1179 4281; x_wconf 77' lang='grc' dir='ltr'><strong><em>ταῦτ’</em></strong></span> <span class='ocrx_word' id='word_1_489' title='bbox 1194 4227 1272 4288; x_wconf 76' lang='grc' dir='ltr'><strong><em>ἴσως</em></strong></span> 
     </span>
     <span class='ocr_line' id='line_1_52' title="bbox 236 4283 1162 4360; baseline 0.011 -20"><span class='ocrx_word' id='word_1_490' title='bbox 236 4283 321 4353; x_wconf 73' lang='grc' dir='ltr'><strong><em>λέγων</em></strong></span> <span class='ocrx_word' id='word_1_491' title='bbox 333 4286 468 4356; x_wconf 75' lang='grc' dir='ltr'><strong><em>παράγειν</em></strong></span> <span class='ocrx_word' id='word_1_492' title='bbox 488 4283 565 4356; x_wconf 67' lang='grc' dir='ltr'><strong><em>ὑμᾶς,</em></strong></span> <span class='ocrx_word' id='word_1_493' title='bbox 574 4289 691 4360; x_wconf 77' lang='grc' dir='ltr'><strong><em>ζητήσει.</em></strong></span> <span class='ocrx_word' id='word_1_494' title='bbox 1116 4309 1120 4313; x_wconf 88' lang='grc'><em>·</em></span> <span class='ocrx_word' id='word_1_495' title='bbox 1152 4311 1162 4323; x_wconf 69' lang='grc'><em>“</em></span> 
     </span>
    </p>
   </div>
   <div class='ocr_carea' id='block_1_27' title="bbox 0 0 1370 4746">
    <p class='ocr_par' dir='ltr' id='par_1_28' title="bbox 0 0 1370 4746">
     <span class='ocr_line' id='line_1_53' title="bbox 0 0 1370 4746; baseline 0 0"><span class='ocrx_word' id='word_1_496' title='bbox 0 0 1370 4746; x_wconf 95' lang='lat' dir='ltr'><strong> </strong></span> 
     </span>
    </p>
   </div>
  </div>
 </body>
</html>
