2730 4746
172 230 237 296 250
327 246 332 251 ·
536 199 906 305 Annousulouns
970 176 1029 259 Ἴ
1118 310 1120 317 Ι
1172 226 1175 243 ·
1241 182 1246 199 ’

242 393 383 464 ’.Ρ497.
385 418 419 459 ν.
430 397 460 463 6.
472 373 630 480 τοιοῦτον]
654 401 822 461 duiletum
809 363 998 485 μαστιγίαι.
1020 418 1178 461 sennenn.
1278 392 1299 432 ’·

256 503 373 567 Ρ.497
384 525 415 564 ν.
432 509 461 568 6
481 500 694 587 παραγόντων]
720 501 910 606 πραττόντων
932 505 1004 564 coe.-
1025 507 1095 583 Reg.
1117 510 1145 586 β.
1166 529 1272 588 ταρατ·

169 580 283 649 τόντων
302 607 393 666 marg.
415 589 518 648 Morel.
540 609 673 647 ennon.
701 582 891 692 πραττόντων
909 586 1046 650 Βανοτὶοἰ
1063 599 1198 679 textum,
1210 591 1293 651 sed*

169 692 273 747 mergo
288 671 340 729 dut
354 674 507 750 vulgatam
528 695 598 731 cum
612 697 658 755 γρ.
651 696 718 754 .γρ.
730 669 934 754 ταραττόντων
952 695 1052 752 margo
1059 636 1198 749 Lutets',
1195 690 1274 753 quus
1321 696 1326 703 ’

150 756 346 814 *coniectura
363 756 499 816 Lambini
520 757 643 818 videtur
666 777 736 815 esse.
758 778 856 817 uulsis.
883 759 921 818 H.
942 779 967 816 e.
989 757 1218 862 παραγὲτωσαν,
1235 769 1275 817 ut

100 848 107 863 '
168 841 274 920 paullo
293 861 366 899 mox
391 837 570 943 ζητούντων
581 862 638 921 pro
662 843 855 939 ζητείτωσαν
880 843 980 922 Ipsum
1000 838 1165 923 παράγειν,
1195 843 1274 901 sieu't

168 925 241 982 inde
264 926 389 984 ductum
406 919 587 1008 παραγωγή,
609 928 712 984 locum
731 925 855 985 hebet
845 947 878 983 in
901 926 1089 986 cavillatione
1109 925 1272 1004 rhetorica,

170 1030 231 1087 qua
247 1010 368 1069 auditor
391 1011 515 1069 subdole
533 1032 549 1068 a
564 1011 721 1090 proposito
743 1010 921 1088 abducitui3
957 1011 1036 1070 unde
1057 1030 1144 1088 saepe
1165 1011 1273 1071 iuncta

169 1088 318 1174 παράγειν
334 1105 362 1154 et
377 1097 556 1175 φενακίζειν.
583 1096 688 1154 nale·
678 1116 711 1154 m
728 1115 821 1173 marg.
841 1095 913 1155 Ben.
935 1104 978 1153 est
992 1089 1208 1175 ταραττόντων,
1232 1116 1273 1154 ex

170 1198 268 1256 eoque
284 1190 464 1258 conuptum
486 1175 677 1284 πραττόντων
696 1180 730 1238 in
748 1181 814 1239 Par
829 1185 859 1246 2.
875 1189 905 1238 et
924 1179 996 1238 Βον.
1027 1179 1129 1238 Simile
1143 1179 1273 1270 verbum

169 1263 253 1342 adp
276 1267 350 1350 462,
370 1270 400 1330 7.
422 1265 515 1341 tetigi,
536 1258 672 1346 άπάγειν.
692 1285 739 1324 ru.
755 1287 784 1324 ω
799 1283 900 1324 ivone.
921 1285 1112 1343 equitumue
1121 1284 1183 1322 non
1197 1258 1274 1322 τόν.

168 1342 294 1426 ruptum
318 1370 335 1408 e
355 1345 580 1431 ταραττόντων,
610 1349 681 1424 sed,
706 1359 741 1407 ut
757 1348 834 1407 bene
855 1347 1010 1423 Reiskius,
1040 1342 1273 1428 ταραττόντων

168 1432 329 1492 Lambinus
352 1434 549 1492 coniectando
570 1433 672 1491 elicuit
692 1428 909 1515 ταραττόντων.
930 1444 1112 1490 scunnsnn.

86 1608 89 1617 ,
253 1539 286 1597 P
299 1544 371 1604 497.
383 1560 414 1599 v.
429 1544 459 1604 7
476 1535 550 1618 6]‘
534 1563 550 1602 ο
570 1539 734 1618 secundum
748 1539 832 1600 abest
843 1539 880 1598 ab
896 1539 1021 1664 August.
1036 1536 1144 1617 primo.
1171 1510 1270 1593 musii.

149 1619 435 1705 'DelenitBekken
447 1643 606 1684 sennensi.
1327 1622 1334 1646 ·’

192 1720 285 1789 -..Ρ
298 1735 371 1795 497.
385 1752 416 1791 v
428 1737 458 1799 8
481 1722 570 1803 άλίος
589 1729 680 1810 ίσως]
704 1730 776 1807 ίσως
794 1726 1021 1804 dllogBekker.
1045 1745 1203 1788 usnemun.

253 1837 286 1894 P·
301 1841 374 1901 497.
387 1843 460 1904 v..8
483 1833 535 1898 διά
553 1828 987 1917 τοόςτ-πρόξενοιγεγόνασν]
1011 1816 1267 1940 [-γράφρντας,
1305 1821 1312 1830 ’

167 1918 294 2000 ἑτοίμως
306 1916 446 2024 πρόξενοι
465 1915 649 2024 γεγόνασι.]
654 1919 738 1976 Muta
756 1918 1046 2022 inteq'mnctionem:
1070 1911 1202 1988 desdende
1215 1922 1268 1995 με’

134 2031 139 2041 ·
166 2009 249 2066 σθοῦ
263 2002 300 2065 τά
315 2011 623 2088 τοιαυταγραφοντας
634 2001 771 2100 ἑτοίμως,
790 2002 931 2103 πρόξενρι
949 1992 1097 2085 γεγόνασι.
1119 2024 1173 2083 ραι
1168 2001 1268 2057 'luera'

167 2109 281 2147 οααεεα
310 2090 392 2146 talia
409 2090 513 2165 facile
540 2089 687 2146 scribunt.
722 2087 774 2167 qui
797 2110 861 2165 pm
862 2091 909 2145 αίι
931 2094 1003 2147 su'nt
1029 2088 1102 2149 teliu
1127 2084 1265 2145 seribere.
1319 2115 1323 2120 ·

165 2172 341 2232 uimine.
364 2174 510 2252 Vulg.—
524 2167 711 2254 γράφοντας,
740 2170 865 2251 ἑτοίμως
886 2196 935 2253 πρ.
955 2197 982 2256 γ.
1010 2171 1143 2232 Distinxi
1161 2169 1263 2227 ulltei·

166 2278 282 2318 commu
297 2279 313 2314 u
326 2258 424 2336 prima
438 2279 512 2317 voce
534 2254 665 2325 ublutuni
678 2276 757 2334 pone
771 2257 932 2315 secundam
947 2256 1043 2337 posui.
1059 2266 1185 2336 propter
1206 2256 1264 2329 εόε,
1334 2300 1339 2308 ,

165 2344 223 2422 qui
242 2353 362 2421 promte
393 2343 597 2421 alacriusque
623 2341 704 2400 tatia
734 2339 854 2399 decreta
876 2364 936 2421 pro
962 2340 1093 2401 mercede
1119 2338 1264 2398 scribunt.

163 2447 262 2486 νοντα.
293 2427 458 2486 [unxerunt
476 2438 544 2486 unte
564 2425 772 2486 blerklandum
792 2447 894 2485 omues
913 2426 1038 2507 ἑτοίμως
1055 2420 1196 2507 πρόξενον
1217 2428 1264 2504 γε’-

163 2507 288 2591 γόνασι,
319 2512 411 2588 idque
432 2515 534 2570 foisan
558 2512 665 2589 aliquis
685 2511 842 2569 ferendum
869 2520 967 2589 putet.
1007 2511 1066 2570 Sed
1084 2509 1176 2569 malui
1193 2527 1264 2566 eum

84 2612 90 2624 ·
163 2595 227 2668 illo,
253 2595 302 2652 cui
319 2603 349 2651 et
368 2596 506 2652 Reiskius
517 2595 625 2672 penest,
647 2594 775 2650 incisum
792 2616 903 2672 ponere
916 2605 985 2675 post
999 2595 1136 2674 ἑτοίμως,
1156 2602 1192 2651 ut
1207 2590 1260 2648 sit-t

101 2675 105 2682 ’
159 2689 284 2757 propte]
303 2700 368 2752 ene,
392 2701 447 2758 qui
442 2677 616 2737 eiusmodi
631 2676 748 2734 decreta
756 2683 856 2755 pretio
871 2692 962 2758 atque
982 2678 1111 2745 mercede
1125 2676 1262 2735 scribunt

156 2764 312 2840 faciles
339 2724 374 2822 ei
397 2767 552 2842 parati.
587 2765 724 2820 Cetermn
744 2784 872 2841 prunum
892 2765 976 2824 hune
996 2785 1112 2823 morem
1136 2759 1261 2821 Athenis

75 2843 82 2853 ’
162 2857 228 2905 tum
252 2848 358 2922 fuisse,
385 2858 422 2907 ut
441 2848 576 2927 quaestui
596 2847 740 2906 haberent
757 2869 869 2927 remp„
892 2871 978 2908 nemo
1001 2846 1201 2924 dubitet,'qui
1223 2865 1262 2902 ex

162 2930 319 2990 Aeschinis
341 2933 393 2991 Or.
408 2933 441 2990 iu
461 2931 592 3011 Ctesiph.
605 2953 635 3010 p.
651 2938 723 2996 427.
744 2933 913 2991 meminerit
930 2935 1071 2994 fraudum
1080 2932 1114 2990 in
1132 2929 1260 2989 boneri-

161 3014 219 3071 bus
242 3015 409 3073 tribuendis
429 3017 543 3074 veusam'
564 3015 729 3074 solitmum.
763 3017 906 3076 Nostrum
929 3027 1028 3077 eutem
1048 3017 1125 3077 illud
1143 3013 1259 3075 fraudis

161 3106 255 3174 genus
268 3099 437 3171 eufuqilius
450 3100 638 3179 fieripotuit‚
653 3101 723 3178 quin
737 3103 1183 3182 προξενίαονηαατιπίαααεταί,
1197 3119 1261 3156 non

161 3186 376 3263 magistratus.
399 3185 466 3244 Vid.
483 3185 541 3243 hae
563 3186 599 3244 de
614 3206 648 3245 re
664 3185 805 3245 Valcken.
827 3188 984 3248 Ainnmdv.
1001 3189 1043 3246 ed
1063 3187 1198 3255 Ammon.
1211 3182 1259 3244 lll.

163 3272 213 3332 10.
235 3289 282 3327 sn.
295 3291 330 3328 u.
347 3289 446 3329 wem.
476 3272 627 3354 Προξενία
652 3270 751 3330 honor
768 3271 802 3329 in
827 3282 964 3351 posteros
994 3292 1113 3351 quoque
1143 3269 1258 3329 cedens.

160 3351 230 3411 Vid.
249 3354 389 3433 Xenopb.
410 3356 527 3414 Hellen.
548 3356 597 3415 Vl.
615 3362 641 3418 1.
663 3357 693 3418 4.
722 3375 801 3412 meu
823 3360 855 3414 in
877 3356 944 3416 [nd.
974 3352 1257 3416 Subdisti'nctionem

160 3436 316 3495 aReiskio
336 3446 406 3515 post
425 3437 549 3517 ἑτοίμως
567 3435 696 3516 positam
717 3438 822 3499 delevi
856 3442 918 3500 Νοο
938 3444 1090 3502 Bekkeeus
1111 3437 1258 3500 distinxit.
1339 3500 1351 3509 ⁴

159 3516 284 3661 ἕταρ’μως
302 3530 400 3577 eutem
416 3521 601 3598 iungendum
614 3542 676 3580 esse
688 3523 850 3604 participio
862 3521 1035 3609 γράφοντας
1050 3525 1152 3604 ecquis
1168 3522 1260 3583 dubi-

156 3611 202 3663 tet
245 3625 403 3664 sensurus.

243 3690 276 3765 Ρ.
292 3694 365 3756 497.
380 3710 411 3749 v.
426 3695 475 3754 11.
497 3693 619 3753 πολλῶν
634 3684 761 3772 άγαθοῖν
779 3691 911 3773 αἰτίους]
933 3695 1035 3754 Malim
1051 3687 1209 3757 παλίντον’
1188 3715 1260 3772 αγα-

157 3772 270 3835 edv‘
248 3781 322 3852 ναῖν
345 3775 467 3848 αἰτίους.
497 3796 592 3835 nmen
622 3776 758 3835 Reiskins
784 3786 813 3835 et
834 3781 896 3856 Aug
880 3779 975 3838 auius
999 3772 1118 3842 malunt
1137 3781 1260 3841 πολίων

101 3932 107 3939 ,
157 3829 286 3957 άγαθων
305 3852 380 3940 υμῖν
401 3860 523 3931 αἰτίους.
553 3861 731 3920 Emendatio
752 3881 790 3919 ex
811 3882 846 3922 eo
860 3884 966 3941 genere
982 3876 1043 3942 est,
1065 3863 1147 3944 quod
1170 3871 1259 3920 antea
1278 3869 1287 3881 '¹

157 3945 262 4005 notavi
283 3945 369 4025 a'dp.
391 3949 464 4019 488,
489 3951 538 4010 18.
559 3967 606 4004 un.
619 3968 647 4005 n.
663 3966 793 4006 ivone.

241 4032 360 4096 Ρ.497.
375 4051 405 4088 v.
420 4023 468 4095 1'2.
490 4027 632 4135 άμυων]
610 4012 821 4117 vuinAugust.
838 4055 963 4111 prunus.
986 4054 1101 4095 nesse.

242 4115 274 4171 Ρ
287 4121 359 4183 497
375 4137 405 4176 ν.
421 4119 470 4180 12
492 4119 556 4188 πῶς
575 4111 777 4212 γάρ-κατά
799 4117 900 4196 τοῦτο]
924 4120 1010 4197 Vulg.
1030 4143 1096 4191 πως
1117 4113 1175 4222 γάρ
1203 4115 1257 4177 καί

144 4193 231 4257 ,κατά
248 4204 337 4262 τοῦτο
357 4194 434 4280 οόχί.
458 4190 536 4280 ου’γί
554 4200 642 4280 ponit
654 4202 777 4279 August.
791 4202 905 4280 Ριὶωιιε
918 4213 989 4282 post
1002 4210 1066 4277 πῶς
1089 4200 1160 4285 γάρ,
1182 4201 1275 4266 item,

154 4281 285 4360 Lessing.
306 4285 412 4344 Βονοα.
435 4286 538 4345 Venet.
559 4285 687 4345 Vindob.
708 4286 794 4346 noel.
818 4288 882 4346 [tal.
890 4289 1003 4366 ‚quod
1022 4289 1170 4439 Τογίοεαε
1192 4287 1256 4346 ele-
