2730 4746
276 315 282 323 ,
327 184 1008 317 -moesr1onsnsser1nasn.·
1203 240 1226 306 s

115 419 184 471 tum
215 404 354 471 Orationi
378 404 515 491 Assae,
541 431 632 498 pram
655 410 709 473 ille
728 406 872 473 tenuari
896 404 1052 486 voluerat,
1083 407 1224 470 comioem

113 497 248 581 adiunxi
269 493 306 576 ³).
390 520 393 525 ·
417 504 426 523 ⁸

202 615 244 676 At
266 604 566 701 qualemxeomitein!
588 615 701 698 Nempe
718 614 794 674 nubi
818 603 940 695 quidem
960 612 1040 672 banc
1062 612 1266 695 Declamefsl

107 698 232 761 'tionem
247 708 316 762 cn'm
331 701 494 782 exemplari
517 723 572 763 suo
590 700 779 783 comparanti
800 700 843 758 ita
868 697 1020 762 intentum
1040 696 1142 759 usum
1167 706 1222 775 est,

114 787 144 845 si
159 787 228 865 quis
246 806 310 850 eam
324 787 416 846 talem
429 786 554 847 Athenis
571 787 645 848 olim
666 787 700 846 in
715 795 884 866 suggestum
906 785 1064 858 attulisset,
1086 785 1224 858 lutururn
1289 836 1292 841 .

114 871 208 932 fuisse
224 870 308 930 hand
327 870 434 948 dubie,
456 881 492 930 ut
504 872 529 930 is
552 872 647 932 sibilis
663 873 804 953 explosus
821 868 1002 932 descendere
1022 866 1223 928 snttlto'citius

110 950 281 1034 'cogeretusq
297 977 386 1035 quam
399 975 482 1016 nune
491 956 618 1017 librario
634 956 751 1039 placuit
763 954 911 1036 scriptum
924 956 1109 1035 abrumpere.
1137 955 1222 1013 Adeo

114 1040 175 1100 nisi
194 1041 261 1120 quis
275 1042 354 1100 torte
366 1040 486 1101 baereat
500 1035 534 1100 in
547 1043 645 1104 verbis
664 1040 868 1124 loquendique
890 1038 1030 1103 formulis
1056 1060 1093 1101 ex
1119 1037 1222 1098 innita-

68 1186 72 1192 ,
112 1126 200 1186 tione
214 1134 350 1185 veterum
368 1124 536 1186 Atticorum
546 1127 661 1204 tractis,
683 1129 716 1185 in
732 1126 931 1189 ostentatione
944 1125 1061 1205 priscae
1077 1123 1222 1183 historiae

114 1223 152 1269 ao
172 1210 337 1288 doctrinae,
358 1211 392 1289 in
404 1211 518 1290 aliquot
538 1211 694 1272 sententiis
707 1212 817 1294 passim
833 1220 918 1269 entra
939 1220 1056 1268 ceterae
1075 1208 1222 1268 orationis
1268 1234 1277 1263 ι

13 1370 16 1379 Ι
114 1316 227 1376 corpus
241 1296 452 1373 eminentibus,
471 1306 524 1356 aut
537 1296 597 1356 nisi
613 1297 753 1372 omnino,
768 1305 801 1353 ut
817 1301 909 1375 poita
922 1293 975 1371 ait,
998 1294 1123 1373 sepultis
1135 1294 1223 1374 inge-

112 1380 174 1440 niis
197 1381 313 1458 faveat,
334 1380 428 1457 adeo,
450 1380 590 1459 inquam,
613 1381 667 1439 illa
687 1381 789 1438 ieiuna
804 1388 903 1438 estet
922 1379 1033 1455 frigida
1055 1399 1223 1458 parumque

114 1465 213 1541 adid,
236 1466 417 1545 quodvult,
440 1465 637 1559 obtinendum
656 1463 890 1523 accommodata.
925 1460 1009 1523 Nihil
1027 1462 1087 1524 hoc
1105 1462 1221 1523 iudicio

116 1551 287 1610 detractum
309 1550 380 1613 uolo
395 1550 433 1608 de
455 1550 534 1606 lama
550 1548 721 1629 scriptoris,
745 1549 830 1609 euius
848 1549 906 1608 alia
925 1557 1030 1607 extant
1052 1549 1143 1631 plura
1165 1569 1220 1607 co-

113 1635 199 1717 piose
221 1624 386 1713 ornateque
414 1633 526 1714 scripta
547 1654 645 1713 neque
672 1633 837 1693 iniucunda
859 1634 950 1692 lectu.
985 1633 1080 1693 lnnno
1102 1633 1220 1693 miran-

111 1721 188 1793 dum
206 1722 343 1800 putarem
353 1765 362 1797 ,
384 1719 420 1801 si·
436 1718 567 1799 cuipiam
585 1740 720 1803 unquam
739 1718 887 1781 eiusmodi
910 1718 1009 1778 labor.
1021 1717 1128 1778 melius
1146 1721 1260 1779 suo-se

111 1804 261 1864 cessisset.
471 1800 474 1807 ’
691 1800 694 1805 ’
751 1794 757 1806 ’
816 1808 820 1815 ’
1128 1830 1131 1837 ·

200 1937 279 1997 Illud
296 1937 376 1997 enirn
400 1937 536 2018 primum·
554 1938 615 1998 boc
633 1939 667 1999 in
689 1941 758 1999 loco
783 1939 871 1998 nobis
892 1933 1106 2017 recte'ponere
1130 1934 1219 1997 vide-
1296 1954 1300 1963 ’

109 2043 202 2099 mur,
223 2043 286 2081 rem
303 2042 413 2098 veram,
435 2023 470 2082 io
491 2032 545 2098 est,
569 2044 634 2082 eam
654 2045 728 2104 quae
747 2033 814 2083 toto
832 2034 936 2084 tenore
953 2042 1125 2083 caussarum
1141 2040 1219 2082 sus-

107 2129 184 2169 mm
209 2117 239 2166 et
264 2117 421 2167 eventuum
447 2127 516 2166 cum
540 2119 645 2168 nostro
666 2110 925 2190 tempore,-loco,
945 2102 1106 2186 dignitate,
1136 2109 1220 2169 omni

107 2195 186 2269 vita,
206 2212 258 2251 seu
275 2192 397 2272 publica
412 2213 467 2252 eeu
479 2193 609 2274 privata,
632 2194 786 2271 cohaeret,
800 2217 826 2273 ,a
850 2195 985 2275 quolibet
1007 2204 1155 2253 nostrum¹
1168 2194 1220 2254 vel

108 2278 214 2337 miuus
234 2277 331 2356 perito
352 2277 466 2336 rectius
477 2278 607 2338 'trac'ta'ri
626 2301 723 2360 posse,
746 2301 837 2360 quam
858 2279 981 2339 eandem
994 2278 1133 2358 pluribus
1147 2288 1220 2359 least
1291 2283 1294 2291 ’

108 2362 241 2422 maculis
255 2362 291 2419 ab
302 2361 424 2421 bomine
436 2363 507 2420 artis
518 2363 708 2443 peritissimo.
722 2364 787 2429 ,Illi
800 2362 1063 2441 materiadicendi
1075 2364 1109 2421 in
1123 2384 1220 2442 expe·

109 2447 176 2506 clito
193 2454 248 2522 est,
276 2447 365 2526 quani
386 2447 463 2506 alter
480 2467 600 2506 necesse
614 2447 705 2508 habet
723 2469 762 2508 ex
777 2449 898 2529 antiqua
911 2448 1056 2507 memoria
1077 2446 1218 2507 tenuibus
1236 2498 1240 2507 ,

52 2591 56 2594 .
107 2533 290 2614 plerumque
306 2530 437 2610 vestigiis
461 2551 644 2613 expromere.
686 2535 742 2609 llle
763 2533 796 2592 in
811 2554 873 2594 uno
893 2544 1036 2613 tanquam
1054 2534 1220 2615 conspectu
1293 2556 1297 2562 ·

107 2617 197 2677 videt
220 2616 394 2705 universam
415 2619 582 2695 argumenti
606 2618 671 2678 vim
691 2628 722 2678 et
744 2617 953 2701 complexum,
983 2639 1074 2699 quom
1097 2622 1218 2697 vocant,

109 2701 507 2782 cnoumstantiarum,qua‘
522 2724 568 2780 rr,
588 2703 662 2782 quid
679 2706 783 2779 locus,
806 2713 939 2786 tempus,
959 2724 1104 2788 personae
1120 2705 1220 2783 sereret
1265 2768 1268 2774 ,

110 2797 167 2846 aut
183 2786 358 2866 postulent,
382 2796 489 2867 sponte
507 2788 649 2866 intelligit
670 2811 706 2847 ac
721 2789 867 2850 facillime
881 2790 994 2874 reperit]
1010 2789 1123 2864 modos,
1147 2788 1218 2867 qui·

109 2865 169 2931 bus
183 2870 274 2930 finem
291 2870 348 2928 sibi
359 2870 547 2952 prepositum
561 2883 742 2952 assequatur.
785 2874 864 2935 Huic
882 2884 985 2941 contra
999 2873 1143 2959 quoniam
1160 2873 1218 2933 ista

68 3006 83 3021 ,
107 2957 212 3025 omnia
227 2956 353 3015 obscuro
371 2957 474 3016 labore
489 2958 658 3039 indaganda
682 2966 754 3020 snut
774 2978 810 3019 ac
828 2981 866 3022 ne
880 2961 925 3026 sic
943 2952 1064 3045 quidem
1084 2958 1217 3019 exomni

106 3050 198 3123 parte
216 3040 288 3099 satis
303 3037 412 3121 'protere'
432 3051 555 3121 queunt,
576 3065 671 3123 prope
689 3042 812 3109 necesse
832 3038 925 3107 estid
940 3042 1093 3123 accidere,
1114 3053 1151 3102 ut
1166 3044 1218 3103 vel

107 3126 222 3186 nimius
238 3126 293 3183 fiat
315 3125 348 3183 iu
366 3127 503 3203 dicendo,
524 3129 575 3187 vel
594 3129 674 3188 iufra
695 3128 928 3214 dignitatem'rei
948 3129 1099 3205 subsistat,
1117 3129 1170 3200 ,vel
1184 3128 1218 3188 in

106 3213 199 3272 locos
223 3230 395 3270 communes
416 3211 497 3268 lente
518 3213 720 3295 exspolietur,
750 3213 803 3281 abt
825 3236 947 3296 gravem
970 3212 1215 3292 argumentorum

107 3387 322 3403 Μ

112 3504 117 3508 ’
147 3499 178 3567 3)
199 3501 308 3552 Celebre
326 3515 391 3567 pree
406 3497 501 3552 ceteris
524 3498 576 3550 hoo
593 3497 680 3566 ipsum
701 3504 882 3568 argumentum
903 3501 932 3553 in
951 3502 1049 3554 scholis
1069 3503 1217 3554 nestorem

183 3572 267 3621 'fuisse
286 3580 373 3638 putes.
408 3572 438 3620 In
459 3586 490 3621 ee
510 3568 580 3619 enim
591 3579 653 3620 ante
670 3569 813 3621 Aristidem
828 3582 946 3624 versatus
961 3572 1095 3624 estetiam
1112 3572 1217 3624 Lollia-

82 3648 86 3656 '
183 3656 232 3689 nus
247 3639 394 3708 imperante
408 3637 541 3706 Hadriano
564 3638 666 3702 clarus,
685 3637 714 3688 id
727 3639 799 3706 qnod
819 3651 908 3692 narrat
921 3640 1098 3694 Philostratus
1117 3641 1145 3692 in
1159 3641 1216 3693 Vir,
1288 3640 1292 3647 “

183 3707 263 3775 Sopb.
280 3709 301 3757 J.
320 3725 346 3774 p.
365 3704 424 3758 527.
457 3708 556 3758 Ponam
573 3706 649 3757 huius
669 3707 776 3768 verbs,
790 3709 861 3776 qnod
881 3710 1058 3776 fragmentum
1076 3712 1216 3762 Declama-

183 3775 264 3826 tionis
277 3776 384 3837 babent,
400 3775 429 3825 in
442 3792 497 3844 quo
511 3792 579 3843 quae
595 3776 700 3842 fulgora
713 3776 800 3828 inesse
816 3779 948 3841 dicuntur,
967 3798 997 3831 ea
1014 3780 1137 3846 prolecto
1151 3777 1217 3828 talia

175 3856 235 3896 'non
249 3854 318 3908 sunt,
336 3854 366 3894 nt
378 3843 506 3895 castinus
519 3843 655 3895 doleamus
666 3860 832 3913 magnopere.
868 3848 1040 3914 Κατηγορῶν
1052 3847 1106 3898 τοῦ
1119 3844 1216 3897 Λεπτί-

183 3930 234 3966 νου
249 3907 298 3965 διὰ
310 3907 360 3965 τὸν
374 3907 478 3978 νόμον,
494 3907 555 3964 ἐπεὶ
568 3911 608 3978 μή
626 3907 727 3978 ἐφοίτα
740 3916 800 3975 τοῖς
816 3908 974 3983 Ἀθηναίοις
992 3912 1022 3968 ἐκ
1038 3909 1217 3969 tailliatae
1287 3966 1293 3977 ,

183 3985 275 4047 σῖτος,
300 3973 354 4034 ὦδε
378 3976 498 4050 ἤκμασε·
531 3978 748 4034 Κέκιῑειαται
776 3977 815 4036 τὸ
838 3981 953 4050 στόμα
981 3979 1216 4038 τοῦΠόντον
1322 4000 1330 4051 t
1359 4008 1362 4013 ·

182 4047 296 4120 νόμῳ,
314 4048 383 4105 ,καὶ
405 4047 471 4111 τοὶς
491 4045 700 4118 Ἀθηναίων
722 4049 865 4118 τροφὰς
883 4048 1006 4122 ὀλίγον
1029 4046 1219 4105 κωλύουσι
1309 4068 1315 4093 ⁸

136 4136 140 4141 ·
183 4119 376 4189 συλλαβαί·
406 4118 465 4173 καὶ
495 4114 635 4192 auceia
658 4113 818 4173 δύναται
842 4118 1053 4190 Λύσανδρος
1082 4138 1239 4187 ναυμα-

183 4189 272 4257 xes,
289 4187 551 4257 καὶΛετττίνης
567 4189 789 4255 νομοθετῶν.
818 4193 938 4257 argutiis
953 4193 996 4243 his
1008 4191 1128 4244 redditur
1139 4191 1216 4254 illud,

183 4259 257 4328 qaod
268 4260 379 4326 legimns
395 4260 466 4329 aputl
477 4259 681 4311 Demosthenem
696 4276 723 4326 p.
741 4257 803 4323 466,
822 4262 864 4314 se.
883 4278 957 4341 seqq.
994 4267 1078 4326 Quem
1093 4263 1181 4315 locum
1194 4260 1216 4311 si

185 4328 341 4381 consuisset
360 4329 489 4395 Olennius,
507 4327 575 4380 nihil
589 4328 624 4380 de
638 4329 689 4380 elio
708 4331 822 4396 Leptine
835 4331 998 4383 somniasset.
